3202 4754
250 221 323 300 am
615 182 1131 269 Mfflfflffi'

226 344 298 418 quis
313 355 425 417 capere
441 335 551 415 possit,
579 350 644 394 non
661 330 812 409 donatio·
859 330 951 395 illum
966 346 1059 403 quam
1073 338 1105 391 se
1123 324 1238 391 habere
1251 328 1396 393 mavult:
1412 333 1449 397 in

226 432 293 507 rtis,
308 428 362 490 sed
376 428 483 490 mortis
495 440 618 501 tempus
632 421 811 497 inspicitur,
859 421 1045 481 donationes
1074 436 1180 479 autem
1207 420 1318 479 mortis
1342 439 1448 502 causa,

226 517 250 589 l.
266 536 315 580 sa.
333 517 386 585 laec
398 515 452 576 tir,
462 533 536 578 cum
550 515 581 572 in
596 510 812 592 legatisetiam
860 510 917 585 qui
930 510 1037 585 donat,
1055 525 1091 569 se
1101 508 1280 584 primumet
1287 511 1453 588 principa.

224 620 349 685 tempus
363 604 438 671 laeti
450 604 628 666 testamenti
640 613 810 677 spectatur.
861 600 932 665 liter
942 598 1079 679 cogitat,
1094 613 1191 670 atque
1201 612 1309 659 amore
1325 599 1453 663 sistere·

226 695 255 778 §.
276 713 308 771 4.
328 676 405 769 issa.
420 692 458 752 de
473 691 546 753 her.
570 686 651 773 qual.
671 685 809 768 Quinto:

224 782 313 858 quod
326 774 457 887 donatio
469 778 505 842 lit
519 782 599 843 inter
612 777 708 854 duos,
720 778 810 856 legs-

226 887 296 934 tum
309 887 414 939 autern
429 882 541 949 praeter
559 870 751 929 voluntatem
767 885 810 927 u·

225 961 300 1027 nius
312 962 467 1033 testatoris
476 959 557 1021 nihil
568 951 741 1018 desiderat:
755 973 811 1017 un·

225 1047 422 1129 delegatum
437 1051 532 1111 etiam
547 1049 579 1107 in
599 1047 757 1107 absentem
777 1054 811 1103 et

227 1137 426 1219 ignorantem
437 1136 574 1199 conferri
587 1149 701 1212 potest,
715 1131 811 1197 dona·

228 1230 275 1288 tio
291 1243 396 1292 autern
413 1227 431 1289 a
446 1240 597 1306 praesente
616 1224 650 1284 in
675 1238 813 1301 praesen·

227 1327 291 1377 tent
303 1314 515 1397 conferenda,
527 1312 548 1375 l.
565 1296 616 1391 3l3.
629 1311 681 1372 hoc
692 1312 744 1369 tir.
758 1323 815 1369 aut

227 1407 387 1480 utiquein
410 1407 569 1467 absentem
592 1416 644 1479 per
663 1398 816 1460 nuncium

227 1507 285 1556 aut
304 1493 442 1568 litteras,
457 1506 492 1556 ut
508 1492 601 1566 sciat,
617 1501 649 1550 et
665 1487 836 1549 denarios

230 1598 304 1643 nem
333 1583 490 1659 accipiat,
514 1578 535 1639 l.
569 1598 616 1641 10.
644 1573 682 1635 de
711 1573 814 1636 donar.

229 1660 330 1747 Quod
344 1671 369 1729 si
382 1669 455 1742 quis
468 1665 589 1728 absenti
604 1675 635 1726 et
652 1664 813 1742 ignoranti

232 1774 265 1817 se
279 1755 398 1817 donare
409 1749 816 1832 quidsirnpliciterdirterit,

224 1842 416 1915 ,defenditur
427 1845 557 1906 donatio
571 1839 639 1922 jure
653 1837 815 1905 fideicom-

229 1934 316 1997 missi
347 1954 385 1997 ex
418 1934 580 2000 communi
607 1932 815 2006 Interpretum

230 2025 395 2087 sententia.
416 2026 474 2087 llis
496 2022 537 2084 de
554 2021 658 2084 causis
686 2014 817 2079 donatio

229 2105 819 2175 haecnaturamcontractushaberedi·

232 2203 333 2273 citur,
348 2196 419 2260 (1.1.
435 2215 487 2282 35.
502 2200 535 2274 §.
551 2216 581 2274 3.
597 2195 649 2254 hoc
667 2192 720 2254 tit.
733 2192 819 2256 unde

168 2326 177 2337 ,
232 2286 330 2346 etiam
356 2285 435 2347 illud
455 2299 521 2361 est,
547 2281 632 2356 quod
656 2278 818 2344 filiusfam.
845 2336 847 2341 .

234 2389 388 2438 consensu
404 2375 500 2453 patris
516 2372 623 2434 mortis
642 2386 736 2433 causa
754 2367 817 2436 do·

857 690 975 764 cepisse
988 687 1110 764 potius,
1125 704 1223 760 quam
1238 683 1362 748 dedisse
1380 707 1452 751 ma.

858 778 939 841 vult.
957 778 993 836 ln
1007 794 1147 852 summa,
1162 794 1194 834 se
1212 776 1318 851 potius
1334 775 1452 841 habere

857 868 939 941 vult,
952 883 1047 937 quam
1060 882 1143 941 enm,
1154 865 1206 926 cui
1222 862 1342 928 donat:
1360 867 1450 929 illum

859 952 976 1019 deinde
1002 956 1132 1031 potios,
1163 973 1259 1027 quam
1291 953 1451 1023 haeredetu

861 1038 1300 1124 ευυηι,ά.1.3ς.ς.α.εοό.
1394 1092 1401 1107 ,

907 1134 927 1193 8
974 1129 1041 1190 “In
1056 1132 1209 1208 Hispanis
1224 1131 1274 1190 lert
1293 1150 1343 1195 11.
1357 1131 1455 1216 τίη.

863 1243 887 1278 aa
897 1218 932 1283 P.
956 1240 983 1294 ς.
998 1220 1051 1299 jus
1068 1220 1281 1281 Romanorum
1302 1223 1453 1303 probans,

863 1312 1036 1384 „quinque
1052 1324 1145 1371 testes
1161 1307 1318 1371 desiderat
1334 1312 1368 1372 in
1384 1311 1451 1374 do.-

864 1399 1078 1460 „nationibus
1107 1399 1214 1458 monis
1243 1417 1347 1461 causa
1382 1399 1450 1465 Sed

865 1489 1095 1564 „post-latam,
1108 1486 1131 1547 l.
1148 1506 1175 1548 t.
1188 1486 1241 1548 rit,
1261 1490 1309 1550 td.
1324 1486 1380 1550 lib.
1406 1510 1457 1554 ιο.
1525 1486 1531 1495 ’

864 1573 976 1637 ›sNoaa
992 1574 1104 1658 Recop.
1118 1595 1189 1650 quae
1202 1577 1301 1639 tribus
1317 1580 1452 1644 restibus

863 1687 887 1723 o
894 1679 1041 1726 contenta
1055 1678 1101 1727 est
1116 1667 1147 1726 in
1161 1670 1356 1729 testamentis
1371 1687 1452 1731 nun·

863 1756 1066 1831 ancupativis,
1079 1772 1120 1815 eo
1136 1753 1227 1817 modo
1236 1773 1300 1828 quo
1314 1760 1453 1833 exponi·

864 1860 963 1915 armus
975 1839 1051 1918 infr.
1066 1843 1099 1902 in
1111 1844 1140 1926 §.
1153 1843 1209 1905 ult.
1222 1842 1257 1902 de
1271 1840 1393 1905 testam.
1407 1864 1456 1907 or·

864 1929 960 1994 odio.
981 1930 1151 1995 dicendum
1167 1951 1239 1997 cum
1253 1931 1296 1996 1).
1320 1932 1455 1997 Covarr.

865 2021 930 2081 oin
946 2018 1012 2081 rub.
1025 2018 1193 2082 detestans.
1201 2033 1338 2104 panca.
1353 2041 1387 2084 rt.
1401 2042 1455 2101 3²·

866 2109 1051 2173 salillatienz.
1069 2108 1151 2171 ind.
1170 2108 1192 2170 1.
1213 2129 1241 2170 t.
1261 2109 1363 2192 gloss.
1378 2131 1409 2175 2.
1425 2123 1453 2174 et

867 2196 968 2259 trini.
993 2194 1101 2279 7071‘8.
1134 2214 1179 2261 to.
1207 2195 1307 2278 ejusd.
1336 2198 1393 2261 lib.
1421 2216 1452 2278 ς.

867 2282 1457 2366 27⁴Burg.dePazin'l.3.Tauern.814.

867 2358 993 2437 ortium
1012 2376 1139 2439 testium
1163 2390 1329 2437 numerum
1348 2378 1453 2443 relato

234 2479 310 2523 nate
323 2476 434 2541 potest,
443 2463 588 2538 quamuis
600 2464 819 2522 testamentum
865 2463 1009 2543 simodo,
1029 2461 1174 2528 sulficere
1189 2463 1221 2523 in
1238 2460 1287 2524 his
1301 2461 1452 2527 donatio-

235 2548 339 2614 lacere
354 2570 421 2612 non
435 2555 549 2630 possit,
562 2568 621 2612 nec
634 2547 817 2627 permitten-
856 2554 1005 2623 ,onibrrsr
1022 2569 1088 2617 tum
1101 2555 1178 2629 quia
1192 2551 1290 2614 verba
1308 2549 1340 2613 d.
1360 2551 1387 2617 l.
1404 2571 1452 2617 rt.

231 2653 266 2701 te
287 2655 391 2717 patre,
409 2638 430 2700 l.
451 2659 466 2702 a
474 2655 503 2721 5.
525 2642 553 2719 §.
569 2657 606 2705 ιι.
626 2635 690 2699 eod.
709 2637 817 2718 Vulgo
858 2644 914 2707 ,od
925 2656 993 2704 atra
1004 2640 1197 2724 postrimera
1210 2639 1359 2702 voluntari
1372 2685 1384 2720 ,
1398 2639 1455 2703 do·

230 2727 309 2790 DD.
322 2731 366 2792 sic
378 2728 599 2810 distinguunt,
615 2725 818 2789 donationem
857 2728 1058 2795 ¹laniationem
1072 2732 1281 2795 mortiscausa
1290 2732 1452 2795 satiscom·

173 2888 174 2892 ,
231 2816 315 2881 hanc
333 2817 449 2880 habere
465 2830 610 2879 naturam
626 2830 817 2893 contractus,
865 2819 1115 2897 aiprehendunt:
1137 2833 1216 2883 tunc
1241 2820 1355 2897 etiam,
1378 2819 1451 2894 quia

231 2925 306 2968 cum
329 2909 363 2969 in
379 2925 446 2970 esse
469 2902 678 2984 producitur,
701 2904 816 2968 effectu
865 2911 1105 2989 „incongruum
1121 2909 1252 2971 omnino
1266 2907 1366 2983 foret,
1382 2925 1447 2970 rna-

228 3006 335 3056 autern
357 3011 387 3057 et
413 2997 539 3063 cumin
565 3011 631 3055 esse
661 2992 815 3069 producta
864 2994 989 3076 ojotem
1013 2995 1249 3059 solemnitatem
1274 2998 1393 3072 requiri
1417 2996 1449 3057 in

230 3099 293 3158 est,
315 3085 468 3146 rationem
492 3083 610 3146 ultimae
630 3084 816 3145 voluntatis.
864 3083 1118 3145 „donationibus
1135 3084 1222 3160 istis,
1242 3105 1339 3159 quam
1353 3086 1385 3145 in
1399 3099 1447 3145 re·

177 3230 180 3233 ,
199 3171 204 3180 ’
231 3170 389 3236 Caeterum
405 3176 491 3250 prius
507 3190 562 3250 pet
578 3172 684 3232 omnia
698 3188 809 3233 verum
863 3174 1075 3238 aisiamentis:
1101 3193 1166 3247 qua
1191 3175 1314 3238 ratione
1329 3192 1400 3247 quae
1413 3174 1445 3233 in

229 3275 294 3316 non
311 3279 393 3335 esse,
411 3280 558 3323 numerus
578 3263 702 3325 testium
721 3274 750 3321 et
769 3277 810 3320 te·
860 3280 1075 3324 sirmiamenm
1103 3265 1330 3338 remittuntur,
1351 3264 1444 3325 eriam

231 3344 336 3405 missio
361 3349 582 3410 insinuationis
606 3350 728 3424 liquido
755 3368 809 3408 os·
859 3354 923 3433 oin
940 3353 1163 3412 donationibus
1178 3353 1306 3413 remissa
1320 3351 1444 3412 intelli.-

225 3432 331 3495 tendit
351 3431 541 3507 :idemque
568 3437 608 3496 de
641 3440 810 3513 posteriore
859 3436 1445 3519 saguntur,l.Marcellus15.demort.

231 3523 362 3599 probat,
388 3521 475 3595 quod
500 3523 564 3583 haec
591 3523 721 3586 donatio
746 3547 809 3589 non
858 3528 1057 3591 ›iaraundon

230 3612 347 3691 pendet
366 3607 405 3671 ab
421 3609 561 3673 aditione
587 3610 786 3677 haereditatis.

275 3720 295 3779 7
340 3696 474 3786 (Magis
487 3718 518 3758 se
535 3695 603 3780 quir
620 3699 695 3759 velit
713 3701 809 3762 ianoe-

216 3804 263 3851 ·re
274 3785 354 3873 stol
371 3789 419 3851 Ex
437 3790 600 3853 Marciano
614 3789 644 3847 in
658 3788 679 3850 l.
702 3809 727 3850 1.
743 3788 808 3853 eod.

226 3880 349 3956 Estque
364 3878 528 3962 haecratio‚
540 3897 595 3940 cur
609 3874 810 3944 donationem

230 3973 337 4027 mortis
360 3989 453 4028 cansa
476 3986 619 4030 revocare
644 3969 747 4029 liceat.
772 3967 810 4028 ln

227 4051 401 4121 donatione
418 4058 498 4119 inter
513 4058 600 4115 visos
612 4102 621 4131 ,
633 4059 685 4130 qui
701 4059 810 4132 donat,

230 4142 431 4203 donataiium
446 4147 545 4205 solum
558 4149 697 4231 cogitat,
714 4149 809 4235 atque

1038 3727 1261 3805 aaaron

927 3885 983 3956 De
1002 3886 1147 3978 simplici
1167 3887 1255 3951 inter
1276 3882 1384 3969 =visos

996 4004 1007 4031 '²
1051 3990 1251 4057 donatione.
1312 4040 1315 4045 .
1354 4060 1358 4065 ,

905 4162 924 4205 a
972 4141 1054 4206 Alie
1068 4157 1167 4213 aorem
1177 4138 1353 4209 donationes
1364 4149 1442 4215 ruat,
