3228 4768
168 250 203 297 „
278 227 355 309 49,
463 266 469 275 ,
534 270 537 275 ,
643 178 1100 279 Lib.11.Yir.XVII.

256 350 401 426 lonsicin
413 342 467 414 sed
480 336 550 422 qne
565 339 728 406 declarate
740 341 780 403 sit
792 338 842 401 fs·
889 337 953 403 rod.
970 339 1021 403 tir.
1039 337 1109 420 Jul.
1125 316 1267 419 Capitol.
1282 337 1471 423 hencsipsan

257 457 310 505 cto
323 440 431 514 aliquo
443 434 538 498 simili
561 434 645 516 illis,
660 450 732 507 quae
747 444 842 491 antee
890 431 1065 517 orationem
1081 430 1258 495 Pertinacis
1274 431 1397 511 legem,
1409 448 1472 495 mor

257 538 447 605 expresserat
469 523 618 587 incisioni
644 534 701 582 aut
716 518 844 583 crocet»
892 520 986 582 etiam
1004 519 1321 613 senatusconsultum
1334 523 1472 584 nominat

258 616 392 692 lationi,
418 630 495 693 puta
509 615 535 674 si
549 625 771 688 testamentum
787 609 844 669 in·
892 611 928 673 in
943 606 1126 685 Pertinace,
1149 622 1220 692 cap.
1242 628 1276 690 7.

257 704 408 780 (luxerit,
430 702 635 784 laceraverit,
658 699 845 781 resignave—
936 715 958 779 7
1018 695 1105 780 Jure
1120 695 1270 760 ordinate
1285 712 1316 759 et
1331 697 1473 782 perfecte

258 793 301 856 rit
315 788 381 856 &o
398 791 560 855 Habemus
576 787 670 870 hujus
681 787 846 851 sententie
889 783 1011 867 fuerint
1029 784 1473 869 .Quaeiegitimomodoliunt,

261 880 461 945 defensorem
478 878 598 942 Anton.
615 876 697 941 Fab.
711 874 775 937 dec.
792 894 808 954 3
813 894 846 954 9,
894 878 1037 961 legitime
1052 894 1181 952 qnoque
1201 878 1284 948 solvi
1299 877 1435 963 debent,
1452 878 1472 942 l.

258 990 323 1031 err.
339 974 370 1035 6.
389 973 557 1048 pluresque
572 968 662 1031 alios.
682 965 780 1028 Plane
804 963 846 1026 ad
897 963 1474 1048 35.dediv.reg.jur.ribhactamen
1583 1016 1584 1019 ,

262 1056 508 1122 infirmationem
524 1056 847 1119 testamentinuncu-
896 1056 1007 1139 regule
1024 1053 1211 1132 excipienda
1232 1069 1308 1118 sunt
1327 1074 1365 1117 ea
1380 1071 1476 1119 testa*
1582 1056 1584 1117 ἶ

263 1151 364 1227 patiri
386 1162 529 1227 putarem
550 1141 696 1208 sulficere
719 1141 864 1219 simpli-2
895 1158 1000 1211 menta
1013 1190 1025 1228 ‚
1040 1163 1111 1219 qure
1126 1146 1272 1218 quamvis
1284 1145 1477 1223 imperfecte,
1583 1194 1584 1219 p

264 1256 333 1300 cem
350 1237 524 1301 voluntatis
543 1233 775 1297 revocationem
792 1230 846 1293 la·
891 1230 964 1315 jure
979 1244 1086 1295 tamen
1108 1232 1264 1312 singulari
1291 1235 1421 1311 valent,
1445 1250 1479 1299 ut
1582 1232 1584 1255 '

263 1340 347 1389 ctam
363 1345 470 1389 coram
481 1326 623 1407 legitimo
636 1322 765 1384 testium
780 1338 846 1382 nu·
896 1334 1081 1386 testamenta
1102 1323 1251 1399 militum,
1265 1336 1294 1383 et
1312 1337 1478 1400 parentum

265 1434 372 1502 mero,
388 1434 456 1496 erg.
471 1413 492 1476 1.
510 1409 684 1493 „Arno
704 1429 772 1493 reg.
780 1412 847 1491 jur.
895 1409 1481 1483 interliberos.Testamentumfacturn

295 1524 330 1591 ’ς
379 1498 605 1590 (Usqneadeo).
622 1497 848 1577 Amplificatio.
893 1498 967 1583 jure
985 1500 1106 1563 militine
1125 1500 1403 1578 interimpetfecta
1419 1519 1481 1564 nu·
1583 1562 1584 1587 p

265 1591 402 1656 Dixerat
424 1589 518 1653 modo
531 1608 543 1667 ,’
573 1586 661 1651 nuda
683 1588 849 1649 voluntate
898 1602 1037 1654 metatur
1057 1591 1092 1651 in
1117 1586 1140 1652 l.
1165 1607 1195 1650 s.
1215 1587 1253 1648 de
1280 1586 1393 1671 injurr.
1415 1605 1481 1674 rap.
1583 1598 1584 1603 ’

265 1692 487 1742 testamentum
503 1674 655 1740 infirmari
669 1683 733 1737 non
747 1691 848 1753 posses
898 1694 993 1754 atque
1003 1676 1383 1756 ideo-etiamimperfecto
1397 1698 1481 1754 quo-

265 1767 300 1832 id
319 1786 404 1833 nunc
426 1783 525 1842 usque
548 1763 629 1828 adeo
653 1781 765 1827 vetum
781 1777 849 1825 esse
898 1770 947 1830 vis
960 1769 1133 1847 posteriore
1145 1766 1292 1846 solvitur,
1303 1764 1325 1826 l.
1340 1785 1394 1843 34·
1407 1767 1438 1849 5.
1455 1786 1483 1831 ι.
1583 1828 1584 1837 ,

266 1857 480 1941 pronunciat,
505 1869 543 1918 ut
570 1871 627 1918 nec
639 1871 714 1916 cum
729 1849 850 1915 volun·
899 1853 939 1917 de
954 1870 1079 1919 terram.
1095 1854 1185 1918 milit.
1200 1866 1352 1917 ettamen
1365 1855 1482 1933 perid,
1583 1850 1584 1919 ζ

268 1959 337 2011 tate
360 1942 530 2010 revocandi
559 1956 749 2008 concurrens
775 1941 851 2003 novi
899 1943 988 2022 quod
1005 1942 1076 2025 jure
1103 1944 1232 2025 militari
1253 1943 1395 2008 secundo
1414 1944 1485 2007 1020
1583 1936 1584 1989 3

267 2038 447 2100 testamenti
468 2034 606 2113 inceptio
626 2032 851 2099 vimcotrum·
900 2034 1020 2099 facturn
1045 2049 1108 2113 est,
1132 2034 1290 2112 rumpitur
1306 2031 1483 2110 praecedens
1583 2044 1584 2115 j

267 2125 366 2204 pendi
385 2125 496 2203 prioris
514 2121 649 2201 habeat:
664 2119 718 2182 sed
735 2122 778 2181 ita
794 2117 853 2180 de·
901 2123 1092 2203 perfectum,
1109 2120 1169 2184 hoc
1198 2134 1264 2205 est,
1281 2121 1403 2185 facturn
1413 2119 1486 2202 jure
1583 2118 1584 2167 l

268 2228 357 2273 ntum
378 2211 523 2288 superius
548 2220 770 2271 testamentum
791 2208 853 2270 rite
902 2213 1082 2289 communi,
1111 2208 1142 2271 d.
1168 2207 1191 2270 l.
1224 2226 1252 2269 α.
1269 2221 1301 2269 et
1326 2207 1360 2270 d.
1386 2207 1410 2272 l.
1429 2228 1487 2288 34.

269 2295 389 2358 factum
405 2296 551 2372 tollatur,
573 2296 600 2356 si
616 2293 747 2370 inferius
762 2308 854 2371 arque
902 2296 1070 2385 §reinseri
1083 2298 1229 2363 nimirum
1241 2294 1302 2359 hoc
1315 2314 1355 2358 ex
1369 2312 1489 2377 coest,

264 2379 338 2467 J'ute
368 2383 543 2462 perlectum
564 2381 685 2446 fuerit:
710 2381 796 2459 quod
821 2394 855 2447 et
895 2389 992 2467 quod
1021 2399 1239 2453 testamentum
1268 2385 1383 2454 militis
1416 2383 1489 2467 jure
1519 2434 1529 2453 s

235 2532 252 2545 ,,
270 2475 372 2553 ipsum
382 2474 440 2553 ipsi
449 2472 768 2537 testatorisvoluntati
782 2490 854 2535 con·
903 2478 1121 2560 privilegiario
1132 2494 1188 2555 pro
1201 2473 1342 2553 perlecto
1356 2488 1416 2554 est,
1432 2490 1487 2541 aut

272 2578 459 2626 senttneum
486 2577 555 2625 est:
585 2564 662 2638 quia
688 2574 723 2623 ut
746 2560 855 2624 scribit
904 2570 974 2636 vim
1003 2565 1132 2647 perfecti
1165 2566 1344 2628 testamenti
1379 2564 1487 2629 habet:

182 2702 185 2707 ,
273 2651 465 2730 Pomponius
487 2653 521 2713 in
537 2650 559 2713 l.
580 2652 631 2715 18.
656 2647 693 2710 de
709 2646 805 2733 legar.
823 2669 853 2730 3.
883 2654 989 2735 „quod
1010 2671 1117 2721 autern
1136 2655 1292 2733 rumpitur
1312 2657 1483 2730 posteriore

273 2740 425 2805 credibile
453 2760 521 2818 est,
542 2752 722 2802 testatorem
738 2740 782 2801 ita
799 2736 854 2802 de·
900 2743 974 2827 jure
988 2745 1149 2808 communi
1161 2762 1227 2805 non
1241 2744 1301 2804 rite
1311 2739 1421 2820 facto,
1432 2744 1488 2806 mi·

192 2868 197 2879 ι
241 2859 245 2867 ·
273 2849 359 2892 ntum
384 2832 403 2894 ai
431 2831 534 2907 priore
562 2840 749 2891 testamento
774 2829 856 2891 uelle
905 2853 977 2899 mm
990 2833 1092 2898 videri
1106 2850 1172 2896 non
1182 2829 1290 2907 debet,
1304 2832 1383 2908 quia
1394 2834 1486 2895 etiam

68 2938 72 2945 ·
165 2952 170 2959 ·
271 2919 397 2996 recedi,
411 2922 438 2981 si
451 2921 605 2997 posterius
618 2918 792 2982 valiturum
804 2919 855 2981 sit.
906 2942 977 3005 post
1004 2923 1161 2987 missionis
1188 2939 1332 2999 annunt,
1366 2921 1487 2985 irritum
1582 2906 1583 2947 ³

318 3009 340 3070 6
386 3004 490 3094 (Divi
505 3005 681 3069 Pertinacis
696 3004 857 3093 oratione).
904 3015 1121 3077 constituitur.

273 3096 424 3162 Solebant
441 3097 690 3174 enimPrincipes
699 3097 861 3160 orationes
948 3103 967 3165 8
1014 3091 1256 3165 Testamentum
1270 3099 1487 3182 imperfectum

272 3186 306 3244 in
322 3202 432 3253 senatu
447 3185 578 3264 habere,
599 3200 654 3249 aut
668 3186 798 3263 scriptas
814 3184 855 3249 ad
904 3190 1024 3257 tactum
1044 3189 1063 3253 i
1079 3203 1210 3270 parente
1223 3192 1308 3253 inter
1330 3189 1443 3252 liberos
1455 3199 1489 3250 et

274 3282 418 3335 senatum
434 3277 620 3353 mittere,in
636 3293 857 3350 quaruntsen-
902 3283 1010 3361 ipsum
1036 3298 1101 3343 non
1127 3280 1232 3343 minus
1251 3297 1290 3342 ex
1317 3278 1488 3361 privilegio

275 3362 407 3422 tentiam
420 3366 689 3427 senatusconsulta
703 3362 858 3441 concipie-
905 3372 1010 3448 valet,
1037 3387 1133 3444 quant
1151 3369 1259 3431 militis
1269 3411 1280 3446 ,
1293 3364 1316 3429 l.
1335 3368 1437 3444 ar.§.
1461 3384 1488 3427 ι.

274 3448 412 3535 bantur,
425 3446 446 3510 1.
464 3453 513 3512 16.
527 3450 563 3510 dr
577 3451 632 3512 rit.
646 3466 733 3537 nupt.
749 3451 857 3520 Tacit.
905 3460 941 3523 0.
957 3460 996 3521 de
1011 3471 1132 3521 tertam.
1144 3456 1258 3541 Quare
1268 3457 1297 3523 si
1309 3469 1420 3539 pater,
1430 3455 1491 3531 qni

272 3536 327 3599 ¹⁸7⁷·
349 3557 400 3603 11·
429 3537 545 3601 ΛΜ·
568 3554 636 3619 cap.
665 3559 720 3618 25·
748 3538 856 3617 Atqu'e
905 3562 1127 3613 testamentum
1156 3549 1244 3624 prius
1267 3542 1340 3626 jure
1363 3544 1496 3622 fecerat,

275 3626 325 3692 hae
336 3625 520 3706 Principum
535 3629 692 3691 orationes
704 3632 857 3694 etiamse·
906 3651 1015 3717 postea
1033 3636 1126 3703 aliud
1140 3635 1249 3701 fecerit
1265 3630 1495 3710 interiiberos,
1581 3650 1582 3659 ¹

275 3716 511 3784 natusconsulta
527 3714 743 3801 nominantur,
756 3737 858 3801 quan·
906 3730 1053 3822 quamvis
1080 3727 1235 3806 poetefius
1256 3723 1312 3787 hoc
1330 3718 1492 3798 imperfe.

273 3805 381 3883 doque
421 3808 516 3870 etiam
543 3807 641 3888 leger.
671 3802 725 3865 Sic
755 3811 858 3870 oratio
906 3809 1492 3892 ctumfuerit,tamenrumpiturprius.

273 3896 352 3963 Diui
367 3893 521 3959 Hadriani
537 3893 577 3958 de
593 3893 743 3972 petitione
757 3893 859 3958 haete-
906 3903 993 3967 illud
1008 3906 1102 3966 etiam
1118 3901 1224 3965 favore
1237 3897 1411 3961 liberorum
1425 3896 1445 3976 J
1451 3917 1493 3961 u·

278 3984 405 4065 ditatis,
432 3981 454 4046 l.
472 4002 524 4046 aa.
546 3982 584 4045 de
605 3978 716 4046 hesed.
727 3996 793 4067 pet.
810 4004 859 4048 se·
906 3990 1259 4064 stinisnuscoostinrit‚
1275 4002 1312 4049 ut
1325 4000 1494 4049 testamen·
1579 4068 1580 4071 Ἴ

235 4135 238 4141 ,
274 4075 546 4135 natusconsultum
572 4073 687 4151 passim
710 4075 858 4153 appella·
906 4092 976 4148 tum
990 4082 1075 4144 inter
1088 4078 1207 4143 liberos
1218 4077 1338 4141 factum
1354 4074 1492 4138 nonali-

272 4170 348 4238 tur,
372 4158 394 4222 i.
422 4177 471 4223 ae.
489 4161 518 4241 §.
535 4162 570 4224 6.
592 4172 623 4221 et
647 4158 753 4226 multis
771 4182 858 4248 seqq.
907 4179 955 4237 ter
989 4182 1156 4250 rumpetur
1180 4166 1374 4249 posteriore,
1402 4179 1495 4242 quant

1257 4328 1263 4333 .
1368 4304 1410 4327 ltu·
