<?xml version="1.0" encoding="UTF-8"?>
<!DOCTYPE html PUBLIC "-//W3C//DTD XHTML 1.0 Transitional//EN"
    "http://www.w3.org/TR/xhtml1/DTD/xhtml1-transitional.dtd">
<html xmlns="http://www.w3.org/1999/xhtml" xml:lang="en" lang="en">
 <head>
  <title>
</title>
<meta http-equiv="Content-Type" content="text/html;charset=utf-8" />
  <meta name='ocr-system' content='tesseract 3.04.00' />
  <meta name='ocr-capabilities' content='ocr_page ocr_carea ocr_par ocr_line ocrx_word'/>
</head>
<body>
  <div class='ocr_page' id='page_1' title='image "./institutionesro00madgoog/institutionesro00madgoog_0266.png"; bbox 0 0 3210 4758; ppageno 0'>
   <div class='ocr_carea' id='block_1_1' title="bbox 297 197 1375 302">
    <p class='ocr_par' dir='ltr' id='par_1_1' title="bbox 297 197 1375 302">
     <span class='ocr_line' id='line_1_1' title="bbox 297 197 1375 302; baseline 0.002 -24"><span class='ocrx_word' id='word_1_1' title='bbox 297 198 361 278; x_wconf 81' lang='lat' dir='ltr'><em>De</em></span> <span class='ocrx_word' id='word_1_2' title='bbox 379 219 504 277; x_wconf 87' lang='lat' dir='ltr'><em>rerum</em></span> <span class='ocrx_word' id='word_1_3' title='bbox 520 197 639 289; x_wconf 74' lang='lat' dir='ltr'><em>diuis.</em></span> <span class='ocrx_word' id='word_1_4' title='bbox 662 208 703 274; x_wconf 87' lang='lat' dir='ltr'><em>rt</em></span> <span class='ocrx_word' id='word_1_5' title='bbox 728 205 874 300; x_wconf 83' lang='lat' dir='ltr'><em>acquir.</em></span> <span class='ocrx_word' id='word_1_6' title='bbox 889 207 1064 302; x_wconf 77' lang='lat' dir='ltr'><em>ipsarum</em></span> <span class='ocrx_word' id='word_1_7' title='bbox 1079 201 1253 280; x_wconf 78' lang='lat' dir='ltr'><em>dominio.</em></span> <span class='ocrx_word' id='word_1_8' title='bbox 1301 221 1375 299; x_wconf 77' lang='lat'><em>253</em></span> 
     </span>
    </p>
   </div>
   <div class='ocr_carea' id='block_1_2' title="bbox 97 337 1456 3617">
    <p class='ocr_par' dir='ltr' id='par_1_2' title="bbox 97 337 1456 3617">
     <span class='ocr_line' id='line_1_2' title="bbox 177 337 1401 433; baseline 0.001 -28"><span class='ocrx_word' id='word_1_9' title='bbox 177 354 211 406; x_wconf 82' lang='grc' dir='ltr'><em>ιι</em></span> <span class='ocrx_word' id='word_1_10' title='bbox 229 340 353 418; x_wconf 83' lang='lat' dir='ltr'><em>siquid</em></span> <span class='ocrx_word' id='word_1_11' title='bbox 371 337 578 405; x_wconf 82' lang='lat' dir='ltr'><em>reficiendum</em></span> <span class='ocrx_word' id='word_1_12' title='bbox 599 352 666 425; x_wconf 80' lang='lat' dir='ltr'><em>est,</em></span> <span class='ocrx_word' id='word_1_13' title='bbox 681 352 764 406; x_wconf 83' lang='lat' dir='ltr'><em>sarta</em></span> <span class='ocrx_word' id='word_1_14' title='bbox 859 362 874 423; x_wconf 89' lang='grc' dir='ltr'><strong>ς</strong></span> <span class='ocrx_word' id='word_1_15' title='bbox 922 342 1125 433; x_wconf 74' lang='lat' dir='ltr'><em>(Submirtrrr</em></span> <span class='ocrx_word' id='word_1_16' title='bbox 1138 340 1401 430; x_wconf 55' lang='lat' dir='ltr'><em>ubertatibus·</em></span> 
     </span>
     <span class='ocr_line' id='line_1_3' title="bbox 178 430 1398 512; baseline 0.003 -19"><span class='ocrx_word' id='word_1_17' title='bbox 178 445 262 496; x_wconf 87' lang='lat' dir='ltr'><em>tecta</em></span> <span class='ocrx_word' id='word_1_18' title='bbox 282 449 443 510; x_wconf 79' lang='lat' dir='ltr'><em>praestate,</em></span> <span class='ocrx_word' id='word_1_19' title='bbox 465 430 616 492; x_wconf 87' lang='lat' dir='ltr'><em>animalia</em></span> <span class='ocrx_word' id='word_1_20' title='bbox 646 447 764 512; x_wconf 70' lang='lat' dir='ltr'><em>egroti</em></span> <span class='ocrx_word' id='word_1_21' title='bbox 812 434 909 497; x_wconf 85' lang='lat' dir='ltr'><em>sionis</em></span> <span class='ocrx_word' id='word_1_22' title='bbox 926 435 1055 500; x_wconf 81' lang='lat' dir='ltr'><em>effectur</em></span> <span class='ocrx_word' id='word_1_23' title='bbox 1077 435 1147 510; x_wconf 87' lang='lat' dir='ltr'><em>bic,</em></span> <span class='ocrx_word' id='word_1_24' title='bbox 1170 447 1207 498; x_wconf 95' lang='grc' dir='ltr'><em>ιιι</em></span> <span class='ocrx_word' id='word_1_25' title='bbox 1226 433 1398 497; x_wconf 86' lang='lat' dir='ltr'><em>substituta</em></span> 
     </span>
     <span class='ocr_line' id='line_1_4' title="bbox 175 520 1398 604; baseline 0.003 -22"><span class='ocrx_word' id='word_1_26' title='bbox 175 539 301 599; x_wconf 86' lang='lat' dir='ltr'><em>curate,</em></span> <span class='ocrx_word' id='word_1_27' title='bbox 315 540 442 604; x_wconf 79' lang='lat' dir='ltr'>gregem</span> <span class='ocrx_word' id='word_1_28' title='bbox 457 520 765 599; x_wconf 71' lang='lat' dir='ltr'><em>erfoetusupplere,</em></span> <span class='ocrx_word' id='word_1_29' title='bbox 813 526 916 601; x_wconf 85' lang='lat' dir='ltr'><em>capita</em></span> <span class='ocrx_word' id='word_1_30' title='bbox 937 526 1041 587; x_wconf 84' lang='lat' dir='ltr'><em>statim</em></span> <span class='ocrx_word' id='word_1_31' title='bbox 1063 523 1183 588; x_wconf 86' lang='lat' dir='ltr'><em>domiui</em></span> <span class='ocrx_word' id='word_1_32' title='bbox 1205 520 1307 600; x_wconf 76' lang='lat' dir='ltr'><em>flant3</em></span> <span class='ocrx_word' id='word_1_33' title='bbox 1329 523 1398 586; x_wconf 85' lang='lat' dir='ltr'><em>sic·</em></span> 
     </span>
     <span class='ocr_line' id='line_1_5' title="bbox 176 608 1400 692; baseline 0.002 -22"><span class='ocrx_word' id='word_1_34' title='bbox 176 611 211 672; x_wconf 85' lang='lat' dir='ltr'><em>irr</em></span> <span class='ocrx_word' id='word_1_35' title='bbox 228 611 333 674; x_wconf 82' lang='lat' dir='ltr'><em>locuta</em></span> <span class='ocrx_word' id='word_1_36' title='bbox 355 608 504 677; x_wconf 84' lang='lat' dir='ltr'><em>arborum</em></span> <span class='ocrx_word' id='word_1_37' title='bbox 523 609 764 674; x_wconf 83' lang='lat' dir='ltr'><em>demortuarum</em></span> <span class='ocrx_word' id='word_1_38' title='bbox 812 612 861 673; x_wconf 89' lang='lat' dir='ltr'><em>uti</em></span> <span class='ocrx_word' id='word_1_39' title='bbox 883 627 951 690; x_wconf 88' lang='lat' dir='ltr'><em>post</em></span> <span class='ocrx_word' id='word_1_40' title='bbox 966 615 1218 677; x_wconf 82' lang='lat' dir='ltr'><em>substitutionem</em></span> <span class='ocrx_word' id='word_1_41' title='bbox 1234 613 1340 692; x_wconf 86' lang='lat' dir='ltr'><em>priora</em></span> <span class='ocrx_word' id='word_1_42' title='bbox 1353 611 1400 672; x_wconf 87' lang='lat' dir='ltr'><em>si·</em></span> 
     </span>
     <span class='ocr_line' id='line_1_6' title="bbox 175 699 1400 779; baseline -0.001 -17"><span class='ocrx_word' id='word_1_43' title='bbox 175 699 255 762; x_wconf 83' lang='lat' dir='ltr'><em>utias</em></span> <span class='ocrx_word' id='word_1_44' title='bbox 268 700 480 764; x_wconf 76' lang='lat' dir='ltr'><strong>substituere:</strong></span> <span class='ocrx_word' id='word_1_45' title='bbox 497 701 531 761; x_wconf 89' lang='lat' dir='ltr'><em>in</em></span> <span class='ocrx_word' id='word_1_46' title='bbox 545 716 666 762; x_wconf 84' lang='lat' dir='ltr'><em>summa</em></span> <span class='ocrx_word' id='word_1_47' title='bbox 680 712 763 762; x_wconf 86' lang='lat' dir='ltr'><em>recte</em></span> <span class='ocrx_word' id='word_1_48' title='bbox 813 718 853 763; x_wconf 86' lang='lat' dir='ltr'><em>ve</em></span> <span class='ocrx_word' id='word_1_49' title='bbox 859 700 901 762; x_wconf 88' lang='lat' dir='ltr'><em>de</em></span> <span class='ocrx_word' id='word_1_50' title='bbox 915 716 1050 779; x_wconf 80' lang='lat' dir='ltr'><em>mortus,</em></span> <span class='ocrx_word' id='word_1_51' title='bbox 1063 702 1115 765; x_wconf 76' lang='lat' dir='ltr'><em>vet</em></span> <span class='ocrx_word' id='word_1_52' title='bbox 1129 702 1292 765; x_wconf 80' lang='lat' dir='ltr'><em>inutiliter</em></span> <span class='ocrx_word' id='word_1_53' title='bbox 1305 702 1400 763; x_wconf 79' lang='lat' dir='ltr'><em>vitio·</em></span> 
     </span>
     <span class='ocr_line' id='line_1_7' title="bbox 177 786 1398 868; baseline 0.001 -17"><span class='ocrx_word' id='word_1_54' title='bbox 177 790 406 868; x_wconf 85' lang='lat' dir='ltr'><em>colere,atque</em></span> <span class='ocrx_word' id='word_1_55' title='bbox 418 804 454 850; x_wconf 90' lang='lat' dir='ltr'><em>ut</em></span> <span class='ocrx_word' id='word_1_56' title='bbox 467 789 567 850; x_wconf 85' lang='lat' dir='ltr'><em>bonus</em></span> <span class='ocrx_word' id='word_1_57' title='bbox 579 786 762 864; x_wconf 81' lang='lat' dir='ltr'><em>paterfami·</em></span> <span class='ocrx_word' id='word_1_58' title='bbox 813 808 866 866; x_wconf 87' lang='lat' dir='ltr'><em>sa,</em></span> <span class='ocrx_word' id='word_1_59' title='bbox 880 787 962 853; x_wconf 87' lang='lat' dir='ltr'><em>flunt</em></span> <span class='ocrx_word' id='word_1_60' title='bbox 980 790 1157 853; x_wconf 84' lang='lat' dir='ltr'><em>fructuarii.</em></span> <span class='ocrx_word' id='word_1_61' title='bbox 1174 790 1249 852; x_wconf 79' lang='lat' dir='ltr'><em>Haec</em></span> <span class='ocrx_word' id='word_1_62' title='bbox 1261 790 1346 851; x_wconf 84' lang='lat' dir='ltr'><em>enirn</em></span> <span class='ocrx_word' id='word_1_63' title='bbox 1358 807 1398 852; x_wconf 81' lang='lat' dir='ltr'><em>er</em></span> 
     </span>
     <span class='ocr_line' id='line_1_8' title="bbox 177 873 1398 958; baseline 0.002 -20"><span class='ocrx_word' id='word_1_64' title='bbox 177 876 239 940; x_wconf 85' lang='lat' dir='ltr'><em>lias</em></span> <span class='ocrx_word' id='word_1_65' title='bbox 254 882 324 955; x_wconf 89' lang='lat' dir='ltr'><em>uti,</em></span> <span class='ocrx_word' id='word_1_66' title='bbox 341 879 360 937; x_wconf 86' lang='lat' dir='ltr'><em>t.</em></span> <span class='ocrx_word' id='word_1_67' title='bbox 375 896 406 958; x_wconf 87' lang='lat'><em>7.</em></span> <span class='ocrx_word' id='word_1_68' title='bbox 419 876 440 937; x_wconf 83' lang='lat' dir='ltr'><em>f.</em></span> <span class='ocrx_word' id='word_1_69' title='bbox 461 877 511 939; x_wconf 88' lang='lat'><em>18.</em></span> <span class='ocrx_word' id='word_1_70' title='bbox 525 875 546 936; x_wconf 85' lang='lat' dir='ltr'><em>f.</em></span> <span class='ocrx_word' id='word_1_71' title='bbox 562 877 615 952; x_wconf 83' lang='lat'><em>⁶5·</em></span> <span class='ocrx_word' id='word_1_72' title='bbox 628 873 666 935; x_wconf 79' lang='lat' dir='ltr'><em>de</em></span> <span class='ocrx_word' id='word_1_73' title='bbox 679 873 763 952; x_wconf 86' lang='lat' dir='ltr'><em>urus.</em></span> <span class='ocrx_word' id='word_1_74' title='bbox 815 892 928 941; x_wconf 85' lang='lat' dir='ltr'><em>natura</em></span> <span class='ocrx_word' id='word_1_75' title='bbox 943 879 1064 942; x_wconf 83' lang='lat' dir='ltr'><em>fructus</em></span> <span class='ocrx_word' id='word_1_76' title='bbox 1080 877 1231 941; x_wconf 88' lang='lat' dir='ltr'><em>desinunt</em></span> <span class='ocrx_word' id='word_1_77' title='bbox 1248 894 1314 939; x_wconf 87' lang='lat' dir='ltr'><em>esse</em></span> <span class='ocrx_word' id='word_1_78' title='bbox 1330 897 1398 954; x_wconf 80' lang='lat' dir='ltr'><em>pro·</em></span> 
     </span>
     <span class='ocr_line' id='line_1_9' title="bbox 177 960 1296 1053; baseline -0.002 -24"><span class='ocrx_word' id='word_1_79' title='bbox 177 1008 181 1015; x_wconf 69' lang='grc'><em>·</em></span> <span class='ocrx_word' id='word_1_80' title='bbox 226 986 244 1029; x_wconf 79' lang='lat' dir='ltr'><em>a</em></span> <span class='ocrx_word' id='word_1_81' title='bbox 295 963 426 1053; x_wconf 73' lang='lat' dir='ltr'><em>(Gregir</em></span> <span class='ocrx_word' id='word_1_82' title='bbox 444 961 689 1050; x_wconf 73' lang='lat' dir='ltr'><em>usumfructum).</em></span> <span class='ocrx_word' id='word_1_83' title='bbox 707 964 764 1027; x_wconf 73' lang='lat' dir='ltr'><em>stt</em></span> <span class='ocrx_word' id='word_1_84' title='bbox 812 966 1060 1046; x_wconf 82' lang='lat' dir='ltr'><em>prietarii,d.1.</em></span> <span class='ocrx_word' id='word_1_85' title='bbox 1075 971 1129 1045; x_wconf 88' lang='lat'><em>69.</em></span> <span class='ocrx_word' id='word_1_86' title='bbox 1144 960 1296 1040; x_wconf 83' lang='lat' dir='ltr'><em>deurufr.</em></span> 
     </span>
     <span class='ocr_line' id='line_1_10' title="bbox 174 1052 1399 1143; baseline -0.002 -27"><span class='ocrx_word' id='word_1_87' title='bbox 174 1054 426 1140; x_wconf 79' lang='lat' dir='ltr'><em>gregirrnatnsi</em></span> <span class='ocrx_word' id='word_1_88' title='bbox 438 1074 503 1115; x_wconf 89' lang='lat' dir='ltr'><em>non</em></span> <span class='ocrx_word' id='word_1_89' title='bbox 511 1054 616 1134; x_wconf 85' lang='lat' dir='ltr'><em>gregis</em></span> <span class='ocrx_word' id='word_1_90' title='bbox 627 1072 683 1114; x_wconf 89' lang='lat' dir='ltr'><em>aut</em></span> <span class='ocrx_word' id='word_1_91' title='bbox 695 1056 764 1117; x_wconf 88' lang='lat' dir='ltr'><em>uni·</em></span> <span class='ocrx_word' id='word_1_92' title='bbox 863 1060 884 1118; x_wconf 90' lang='lat'>6</span> <span class='ocrx_word' id='word_1_93' title='bbox 937 1055 1129 1143; x_wconf 80' lang='lat' dir='ltr'><em>(Vinearum</em></span> <span class='ocrx_word' id='word_1_94' title='bbox 1163 1052 1399 1134; x_wconf 80' lang='lat' dir='ltr'><em>demortuarum,</em></span> 
     </span>
     <span class='ocr_line' id='line_1_11' title="bbox 178 1141 1400 1230; baseline -0.003 -24"><span class='ocrx_word' id='word_1_95' title='bbox 178 1144 335 1206; x_wconf 75' lang='lat' dir='ltr'>versitatis</span> <span class='ocrx_word' id='word_1_96' title='bbox 351 1142 548 1207; x_wconf 81' lang='lat' dir='ltr'><em>ususfructus</em></span> <span class='ocrx_word' id='word_1_97' title='bbox 560 1144 686 1205; x_wconf 87' lang='lat' dir='ltr'><em>nomine</em></span> <span class='ocrx_word' id='word_1_98' title='bbox 700 1144 763 1205; x_wconf 87' lang='lat' dir='ltr'><em>cof·</em></span> <span class='ocrx_word' id='word_1_99' title='bbox 807 1141 1038 1230; x_wconf 69' lang='lat' dir='ltr'><em>aerariorum).</em></span> <span class='ocrx_word' id='word_1_100' title='bbox 1055 1146 1111 1207; x_wconf 88' lang='lat' dir='ltr'><em>Ait</em></span> <span class='ocrx_word' id='word_1_101' title='bbox 1127 1141 1177 1206; x_wconf 84' lang='lat' dir='ltr'><em>bic</em></span> <span class='ocrx_word' id='word_1_102' title='bbox 1191 1146 1268 1206; x_wconf 85' lang='lat' dir='ltr'><em>item</em></span> <span class='ocrx_word' id='word_1_103' title='bbox 1280 1141 1400 1203; x_wconf 81' lang='lat' dir='ltr'><em>demm-</em></span> 
     </span>
     <span class='ocr_line' id='line_1_12' title="bbox 178 1228 1399 1316; baseline 0.001 -22"><span class='ocrx_word' id='word_1_104' title='bbox 178 1232 294 1294; x_wconf 82' lang='lat' dir='ltr'><em>lectito</em></span> <span class='ocrx_word' id='word_1_105' title='bbox 311 1235 443 1316; x_wconf 75' lang='lat' dir='ltr'><em>legatus.</em></span> <span class='ocrx_word' id='word_1_106' title='bbox 458 1234 521 1308; x_wconf 92' lang='lat' dir='ltr'><em>sit,</em></span> <span class='ocrx_word' id='word_1_107' title='bbox 538 1231 593 1293; x_wconf 88' lang='lat' dir='ltr'><em>sed</em></span> <span class='ocrx_word' id='word_1_108' title='bbox 620 1232 763 1311; x_wconf 82' lang='lat' dir='ltr'><em>singulo·</em></span> <span class='ocrx_word' id='word_1_109' title='bbox 811 1247 952 1311; x_wconf 86' lang='lat' dir='ltr'><em>tuarum,</em></span> <span class='ocrx_word' id='word_1_110' title='bbox 965 1234 1046 1298; x_wconf 89' lang='lat' dir='ltr'><em>sicut</em></span> <span class='ocrx_word' id='word_1_111' title='bbox 1061 1235 1177 1296; x_wconf 88' lang='lat' dir='ltr'><em>Paulus</em></span> <span class='ocrx_word' id='word_1_112' title='bbox 1191 1236 1224 1294; x_wconf 89' lang='lat' dir='ltr'><em>itt</em></span> <span class='ocrx_word' id='word_1_113' title='bbox 1232 1231 1253 1292; x_wconf 79' lang='grc'><em>1.</em></span> <span class='ocrx_word' id='word_1_114' title='bbox 1270 1228 1399 1296; x_wconf 80' lang='lat' dir='ltr'><em>18.eot.</em></span> 
     </span>
     <span class='ocr_line' id='line_1_13' title="bbox 177 1314 1399 1402; baseline 0 -19"><span class='ocrx_word' id='word_1_115' title='bbox 177 1323 635 1402; x_wconf 83' lang='lat' dir='ltr'><em>rumcapitumveluticentum</em></span> <span class='ocrx_word' id='word_1_116' title='bbox 642 1322 764 1396; x_wconf 83' lang='lat' dir='ltr'><em>ovium,</em></span> <span class='ocrx_word' id='word_1_117' title='bbox 814 1325 963 1385; x_wconf 86' lang='lat' dir='ltr'><em>nimirum</em></span> <span class='ocrx_word' id='word_1_118' title='bbox 977 1323 1068 1399; x_wconf 81' lang='lat' dir='ltr'><em>ideo,</em></span> <span class='ocrx_word' id='word_1_119' title='bbox 1080 1325 1154 1399; x_wconf 81' lang='lat' dir='ltr'><em>quia</em></span> <span class='ocrx_word' id='word_1_120' title='bbox 1172 1325 1205 1383; x_wconf 85' lang='lat' dir='ltr'><em>in</em></span> <span class='ocrx_word' id='word_1_121' title='bbox 1220 1314 1326 1382; x_wconf 78' lang='lat' dir='ltr'><em>locurn</em></span> <span class='ocrx_word' id='word_1_122' title='bbox 1341 1339 1399 1383; x_wconf 85' lang='lat' dir='ltr'><em>ar·</em></span> 
     </span>
     <span class='ocr_line' id='line_1_14' title="bbox 177 1407 1400 1490; baseline 0.002 -20"><span class='ocrx_word' id='word_1_123' title='bbox 177 1410 548 1490; x_wconf 81' lang='lat' dir='ltr'><em>nihilsuppietecogitur</em></span> <span class='ocrx_word' id='word_1_124' title='bbox 558 1407 764 1485; x_wconf 87' lang='lat' dir='ltr'><em>fructuarius,</em></span> <span class='ocrx_word' id='word_1_125' title='bbox 812 1408 1163 1489; x_wconf 84' lang='lat' dir='ltr'><em>borumvitempestatis</em></span> <span class='ocrx_word' id='word_1_126' title='bbox 1175 1426 1355 1473; x_wconf 81' lang='lat' dir='ltr'><em>eversarum</em></span> <span class='ocrx_word' id='word_1_127' title='bbox 1367 1426 1400 1473; x_wconf 80' lang='lat' dir='ltr'><em>a·</em></span> 
     </span>
     <span class='ocr_line' id='line_1_15' title="bbox 179 1493 1396 1585; baseline 0.002 -25"><span class='ocrx_word' id='word_1_128' title='bbox 179 1496 201 1560; x_wconf 75' lang='grc' dir='ltr'><em>Ι.</em></span> <span class='ocrx_word' id='word_1_129' title='bbox 220 1518 277 1579; x_wconf 83' lang='lat'><em>70.</em></span> <span class='ocrx_word' id='word_1_130' title='bbox 289 1502 319 1577; x_wconf 84' lang='lat'><em>§.</em></span> <span class='ocrx_word' id='word_1_131' title='bbox 334 1495 409 1585; x_wconf 58' lang='lat' dir='ltr'><em>guia</em></span> <span class='ocrx_word' id='word_1_132' title='bbox 421 1493 525 1572; x_wconf 85' lang='lat' dir='ltr'><em>usufr.</em></span> <span class='ocrx_word' id='word_1_133' title='bbox 537 1498 654 1574; x_wconf 85' lang='lat' dir='ltr'><em>quippe</em></span> <span class='ocrx_word' id='word_1_134' title='bbox 668 1498 702 1557; x_wconf 86' lang='lat' dir='ltr'><em>in</em></span> <span class='ocrx_word' id='word_1_135' title='bbox 716 1496 762 1559; x_wconf 89' lang='lat' dir='ltr'><em>his</em></span> <span class='ocrx_word' id='word_1_136' title='bbox 811 1499 870 1561; x_wconf 88' lang='lat' dir='ltr'><em>lias</em></span> <span class='ocrx_word' id='word_1_137' title='bbox 884 1500 1072 1562; x_wconf 83' lang='lat' dir='ltr'><em>substituere</em></span> <span class='ocrx_word' id='word_1_138' title='bbox 1088 1519 1151 1561; x_wconf 89' lang='lat' dir='ltr'><em>non</em></span> <span class='ocrx_word' id='word_1_139' title='bbox 1163 1512 1299 1575; x_wconf 87' lang='lat' dir='ltr'><em>tenetur,</em></span> <span class='ocrx_word' id='word_1_140' title='bbox 1311 1495 1332 1560; x_wconf 84' lang='grc'><em>1.</em></span> <span class='ocrx_word' id='word_1_141' title='bbox 1343 1517 1357 1575; x_wconf 84' lang='lat'>5</span> <span class='ocrx_word' id='word_1_142' title='bbox 1363 1516 1396 1577; x_wconf 81' lang='lat'><em>9.</em></span> 
     </span>
     <span class='ocr_line' id='line_1_16' title="bbox 182 1585 1396 1667; baseline -0.002 -16"><span class='ocrx_word' id='word_1_143' title='bbox 182 1605 255 1661; x_wconf 84' lang='lat' dir='ltr'><em>quae</em></span> <span class='ocrx_word' id='word_1_144' title='bbox 280 1606 412 1650; x_wconf 78' lang='lat' dir='ltr'><em>numero</em></span> <span class='ocrx_word' id='word_1_145' title='bbox 431 1599 605 1649; x_wconf 77' lang='lat' dir='ltr'><em>certarunt</em></span> <span class='ocrx_word' id='word_1_146' title='bbox 626 1596 657 1647; x_wconf 88' lang='lat' dir='ltr'><em>et</em></span> <span class='ocrx_word' id='word_1_147' title='bbox 673 1585 761 1647; x_wconf 88' lang='lat' dir='ltr'><em>desi·</em></span> <span class='ocrx_word' id='word_1_148' title='bbox 810 1587 875 1648; x_wconf 86' lang='lat' dir='ltr'><em>ead.</em></span> <span class='ocrx_word' id='word_1_149' title='bbox 887 1592 939 1650; x_wconf 87' lang='lat' dir='ltr'><em>rit.</em></span> <span class='ocrx_word' id='word_1_150' title='bbox 952 1590 1072 1667; x_wconf 84' lang='lat' dir='ltr'><em>quippe</em></span> <span class='ocrx_word' id='word_1_151' title='bbox 1083 1587 1396 1651; x_wconf 86' lang='lat' dir='ltr'><em>ususfructuariuso·</em></span> 
     </span>
     <span class='ocr_line' id='line_1_17' title="bbox 180 1675 1396 1759; baseline 0 -22"><span class='ocrx_word' id='word_1_152' title='bbox 180 1691 296 1757; x_wconf 73' lang='lat' dir='ltr'><em>gnara,</em></span> <span class='ocrx_word' id='word_1_153' title='bbox 311 1697 376 1741; x_wconf 82' lang='lat' dir='ltr'><em>nun</em></span> <span class='ocrx_word' id='word_1_154' title='bbox 397 1691 442 1739; x_wconf 89' lang='lat' dir='ltr'><em>est</em></span> <span class='ocrx_word' id='word_1_155' title='bbox 461 1687 648 1755; x_wconf 82' lang='lat' dir='ltr'><em>argumento</em></span> <span class='ocrx_word' id='word_1_156' title='bbox 661 1676 761 1737; x_wconf 84' lang='lat' dir='ltr'><em>locust</em></span> <span class='ocrx_word' id='word_1_157' title='bbox 810 1679 896 1759; x_wconf 84' lang='lat' dir='ltr'><em>mnia</em></span> <span class='ocrx_word' id='word_1_158' title='bbox 907 1678 1153 1756; x_wconf 83' lang='lat' dir='ltr'><em>quidem,etiam</em></span> <span class='ocrx_word' id='word_1_159' title='bbox 1167 1696 1239 1754; x_wconf 79' lang='lat' dir='ltr'><em>quar</em></span> <span class='ocrx_word' id='word_1_160' title='bbox 1250 1675 1396 1740; x_wconf 73' lang='lat' dir='ltr'><em>tinctul-</em></span> 
     </span>
     <span class='ocr_line' id='line_1_18' title="bbox 159 1762 1395 1848; baseline 0.003 -23"><span class='ocrx_word' id='word_1_161' title='bbox 159 1774 208 1825; x_wconf 70' lang='grc' dir='ltr'><em>ἐι</em></span> <span class='ocrx_word' id='word_1_162' title='bbox 222 1778 270 1828; x_wconf 91' lang='lat' dir='ltr'><em>tot</em></span> <span class='ocrx_word' id='word_1_163' title='bbox 282 1782 354 1829; x_wconf 88' lang='lat' dir='ltr'><em>sunt</em></span> <span class='ocrx_word' id='word_1_164' title='bbox 366 1782 442 1828; x_wconf 91' lang='lat' dir='ltr'><em>runc</em></span> <span class='ocrx_word' id='word_1_165' title='bbox 454 1762 670 1844; x_wconf 77' lang='lat' dir='ltr'><em>ususfructus,</em></span> <span class='ocrx_word' id='word_1_166' title='bbox 682 1778 762 1836; x_wconf 86' lang='lat' dir='ltr'><em>quot</em></span> <span class='ocrx_word' id='word_1_167' title='bbox 812 1785 852 1843; x_wconf 85' lang='lat' dir='ltr'><em>pa</em></span> <span class='ocrx_word' id='word_1_168' title='bbox 866 1764 933 1846; x_wconf 86' lang='lat' dir='ltr'><em>ejus</em></span> <span class='ocrx_word' id='word_1_169' title='bbox 952 1769 1161 1848; x_wconf 82' lang='lat' dir='ltr'><em>contingunt,</em></span> <span class='ocrx_word' id='word_1_170' title='bbox 1184 1767 1239 1831; x_wconf 87' lang='lat' dir='ltr'><em>sed</em></span> <span class='ocrx_word' id='word_1_171' title='bbox 1255 1768 1323 1830; x_wconf 91' lang='lat' dir='ltr'><em>sola</em></span> <span class='ocrx_word' id='word_1_172' title='bbox 1347 1767 1395 1829; x_wconf 84' lang='lat' dir='ltr'><em>rei</em></span> 
     </span>
     <span class='ocr_line' id='line_1_19' title="bbox 175 1852 1395 1933; baseline 0.004 -18"><span class='ocrx_word' id='word_1_173' title='bbox 175 1868 249 1919; x_wconf 87' lang='lat' dir='ltr'><em>sunt</em></span> <span class='ocrx_word' id='word_1_174' title='bbox 276 1857 381 1933; x_wconf 84' lang='lat' dir='ltr'><em>capita</em></span> <span class='ocrx_word' id='word_1_175' title='bbox 406 1852 603 1926; x_wconf 83' lang='lat' dir='ltr'><em>fructuaria,</em></span> <span class='ocrx_word' id='word_1_176' title='bbox 625 1869 762 1924; x_wconf 87' lang='lat' dir='ltr'><em>quorum</em></span> <span class='ocrx_word' id='word_1_177' title='bbox 811 1855 935 1918; x_wconf 87' lang='lat' dir='ltr'><em>interna</em></span> <span class='ocrx_word' id='word_1_178' title='bbox 947 1858 1144 1919; x_wconf 85' lang='lat' dir='ltr'><em>incommoda</em></span> <span class='ocrx_word' id='word_1_179' title='bbox 1154 1876 1192 1919; x_wconf 83' lang='lat' dir='ltr'><em>ac</em></span> <span class='ocrx_word' id='word_1_180' title='bbox 1205 1855 1395 1920; x_wconf 82' lang='lat' dir='ltr'><em>detrimenta</em></span> 
     </span>
     <span class='ocr_line' id='line_1_20' title="bbox 176 1939 1395 2019; baseline -0.001 -16"><span class='ocrx_word' id='word_1_181' title='bbox 176 1959 244 2003; x_wconf 88' lang='lat' dir='ltr'><em>uno</em></span> <span class='ocrx_word' id='word_1_182' title='bbox 257 1958 401 2018; x_wconf 85' lang='lat' dir='ltr'><em>mortuo,</em></span> <span class='ocrx_word' id='word_1_183' title='bbox 418 1939 617 2002; x_wconf 79' lang='lat' dir='ltr'><em>ususfructus</em></span> <span class='ocrx_word' id='word_1_184' title='bbox 634 1939 692 2001; x_wconf 87' lang='lat' dir='ltr'><em>iste</em></span> <span class='ocrx_word' id='word_1_185' title='bbox 708 1957 763 2002; x_wconf 84' lang='lat' dir='ltr'><em>ex·</em></span> <span class='ocrx_word' id='word_1_186' title='bbox 812 1943 963 2006; x_wconf 82' lang='lat' dir='ltr'><em>sustinet:</em></span> <span class='ocrx_word' id='word_1_187' title='bbox 988 1961 1059 2017; x_wconf 82' lang='lat' dir='ltr'><em>quae</em></span> <span class='ocrx_word' id='word_1_188' title='bbox 1080 1958 1186 2019; x_wconf 73' lang='lat' dir='ltr'><em>auteur</em></span> <span class='ocrx_word' id='word_1_189' title='bbox 1209 1948 1242 2007; x_wconf 83' lang='lat' dir='ltr'><em>vi</em></span> <span class='ocrx_word' id='word_1_190' title='bbox 1262 1945 1395 2007; x_wconf 84' lang='lat' dir='ltr'><em>contin-</em></span> 
     </span>
     <span class='ocr_line' id='line_1_21' title="bbox 179 2027 1400 2114; baseline 0 -23"><span class='ocrx_word' id='word_1_191' title='bbox 179 2032 351 2110; x_wconf 85' lang='lat' dir='ltr'><em>tiuguitur.</em></span> <span class='ocrx_word' id='word_1_192' title='bbox 812 2043 894 2110; x_wconf 81' lang='lat' dir='ltr'><em>gunt</em></span> <span class='ocrx_word' id='word_1_193' title='bbox 906 2043 1048 2114; x_wconf 77' lang='lat' dir='ltr'><em>externa,</em></span> <span class='ocrx_word' id='word_1_194' title='bbox 1061 2033 1194 2095; x_wconf 72' lang='lat' dir='ltr'><em>necare</em></span> <span class='ocrx_word' id='word_1_195' title='bbox 1208 2034 1277 2109; x_wconf 84' lang='lat' dir='ltr'><em>ipsa</em></span> <span class='ocrx_word' id='word_1_196' title='bbox 1293 2027 1400 2113; x_wconf 65' lang='lat' dir='ltr'><em>profl·,</em></span> 
     </span>
     <span class='ocr_line' id='line_1_22' title="bbox 231 2110 1398 2204; baseline 0.001 -28"><span class='ocrx_word' id='word_1_197' title='bbox 231 2137 249 2197; x_wconf 83' lang='lat'>3</span> <span class='ocrx_word' id='word_1_198' title='bbox 304 2116 561 2204; x_wconf 72' lang='lat' dir='ltr'><em>(Demmtuorum</em></span> <span class='ocrx_word' id='word_1_199' title='bbox 594 2110 762 2202; x_wconf 84' lang='lat' dir='ltr'><em>capitum).</em></span> <span class='ocrx_word' id='word_1_200' title='bbox 812 2120 982 2196; x_wconf 77' lang='lat' dir='ltr'><em>sistuntur,</em></span> <span class='ocrx_word' id='word_1_201' title='bbox 996 2119 1097 2197; x_wconf 85' lang='lat' dir='ltr'><em>placet</em></span> <span class='ocrx_word' id='word_1_202' title='bbox 1108 2120 1147 2183; x_wconf 90' lang='lat' dir='ltr'><em>ad</em></span> <span class='ocrx_word' id='word_1_203' title='bbox 1159 2140 1241 2183; x_wconf 88' lang='lat' dir='ltr'><em>onus</em></span> <span class='ocrx_word' id='word_1_204' title='bbox 1252 2121 1398 2184; x_wconf 75' lang='lat' dir='ltr'><em>fructua-</em></span> 
     </span>
     <span class='ocr_line' id='line_1_23' title="bbox 130 2206 1396 2293; baseline 0.005 -24"><span class='ocrx_word' id='word_1_205' title='bbox 130 2246 134 2251; x_wconf 88' lang='lat'>·</span> <span class='ocrx_word' id='word_1_206' title='bbox 172 2206 246 2269; x_wconf 86' lang='lat' dir='ltr'><em>Hoc</em></span> <span class='ocrx_word' id='word_1_207' title='bbox 267 2206 342 2270; x_wconf 83' lang='lat' dir='ltr'><em>ideo</em></span> <span class='ocrx_word' id='word_1_208' title='bbox 359 2208 436 2281; x_wconf 84' lang='lat' dir='ltr'><em>quia</em></span> <span class='ocrx_word' id='word_1_209' title='bbox 458 2207 484 2267; x_wconf 89' lang='lat' dir='ltr'><em>si</em></span> <span class='ocrx_word' id='word_1_210' title='bbox 506 2207 539 2268; x_wconf 90' lang='lat' dir='ltr'><em>vi</em></span> <span class='ocrx_word' id='word_1_211' title='bbox 556 2219 684 2267; x_wconf 84' lang='lat' dir='ltr'><em>externa</em></span> <span class='ocrx_word' id='word_1_212' title='bbox 700 2224 760 2267; x_wconf 88' lang='lat' dir='ltr'><em>ca·</em></span> <span class='ocrx_word' id='word_1_213' title='bbox 811 2210 849 2269; x_wconf 90' lang='lat' dir='ltr'><em>rii</em></span> <span class='ocrx_word' id='word_1_214' title='bbox 859 2229 922 2271; x_wconf 87' lang='lat' dir='ltr'><em>uon</em></span> <span class='ocrx_word' id='word_1_215' title='bbox 936 2211 1157 2288; x_wconf 83' lang='lat' dir='ltr'><em>pertinere,ex</em></span> <span class='ocrx_word' id='word_1_216' title='bbox 1165 2212 1276 2293; x_wconf 76' lang='lat' dir='ltr'><em>regula</em></span> <span class='ocrx_word' id='word_1_217' title='bbox 1285 2206 1396 2291; x_wconf 77' lang='lat' dir='ltr'><em>etjam</em></span> 
     </span>
     <span class='ocr_line' id='line_1_24' title="bbox 176 2294 1396 2382; baseline 0.01 -26"><span class='ocrx_word' id='word_1_218' title='bbox 176 2297 242 2374; x_wconf 81' lang='lat' dir='ltr'><em>pita</em></span> <span class='ocrx_word' id='word_1_219' title='bbox 254 2299 360 2371; x_wconf 87' lang='lat' dir='ltr'><em>aliqua</em></span> <span class='ocrx_word' id='word_1_220' title='bbox 374 2314 413 2357; x_wconf 82' lang='lat' dir='ltr'><em>err</em></span> <span class='ocrx_word' id='word_1_221' title='bbox 426 2313 523 2376; x_wconf 80' lang='lat' dir='ltr'>grege</span> <span class='ocrx_word' id='word_1_222' title='bbox 535 2294 703 2372; x_wconf 80' lang='lat' dir='ltr'><em>perierint,</em></span> <span class='ocrx_word' id='word_1_223' title='bbox 713 2296 760 2355; x_wconf 90' lang='lat' dir='ltr'><em>in·</em></span> <span class='ocrx_word' id='word_1_224' title='bbox 807 2300 965 2368; x_wconf 78' lang='lat' dir='ltr'><em>communi</em></span> <span class='ocrx_word' id='word_1_225' title='bbox 973 2298 1014 2363; x_wconf 91' lang='lat' dir='ltr'><em>de</em></span> <span class='ocrx_word' id='word_1_226' title='bbox 1020 2299 1144 2364; x_wconf 87' lang='lat' dir='ltr'><em>casibus</em></span> <span class='ocrx_word' id='word_1_227' title='bbox 1152 2299 1302 2378; x_wconf 88' lang='lat' dir='ltr'><em>fortuitis,</em></span> <span class='ocrx_word' id='word_1_228' title='bbox 1308 2299 1330 2363; x_wconf 80' lang='lat' dir='ltr'><em>f.</em></span> <span class='ocrx_word' id='word_1_229' title='bbox 1339 2319 1396 2382; x_wconf 68' lang='lat'><em>23⁴</em></span> 
     </span>
     <span class='ocr_line' id='line_1_25' title="bbox 175 2381 1397 2475; baseline 0.006 -32"><span class='ocrx_word' id='word_1_230' title='bbox 175 2384 291 2446; x_wconf 88' lang='lat' dir='ltr'><em>cendio</em></span> <span class='ocrx_word' id='word_1_231' title='bbox 313 2402 412 2464; x_wconf 74' lang='lat' dir='ltr'><em>puta,</em></span> <span class='ocrx_word' id='word_1_232' title='bbox 436 2401 492 2445; x_wconf 86' lang='lat' dir='ltr'><em>aut</em></span> <span class='ocrx_word' id='word_1_233' title='bbox 515 2384 609 2448; x_wconf 85' lang='lat' dir='ltr'><em>ruina</em></span> <span class='ocrx_word' id='word_1_234' title='bbox 629 2381 758 2460; x_wconf 83' lang='lat' dir='ltr'><em>stabuli,</em></span> <span class='ocrx_word' id='word_1_235' title='bbox 807 2386 845 2448; x_wconf 81' lang='lat' dir='ltr'><em>de</em></span> <span class='ocrx_word' id='word_1_236' title='bbox 865 2388 930 2450; x_wconf 82' lang='lat' dir='ltr'><em>diu.</em></span> <span class='ocrx_word' id='word_1_237' title='bbox 946 2409 1015 2473; x_wconf 83' lang='lat' dir='ltr'><em>reg.</em></span> <span class='ocrx_word' id='word_1_238' title='bbox 1030 2392 1097 2470; x_wconf 83' lang='lat' dir='ltr'><em>jur.</em></span> <span class='ocrx_word' id='word_1_239' title='bbox 1109 2390 1131 2452; x_wconf 83' lang='lat' dir='ltr'><em>f.</em></span> <span class='ocrx_word' id='word_1_240' title='bbox 1147 2391 1177 2452; x_wconf 88' lang='grc'><em>6.</em></span> <span class='ocrx_word' id='word_1_241' title='bbox 1191 2389 1228 2453; x_wconf 83' lang='lat'><em>0.</em></span> <span class='ocrx_word' id='word_1_242' title='bbox 1248 2390 1286 2451; x_wconf 78' lang='lat' dir='ltr'><em>de</em></span> <span class='ocrx_word' id='word_1_243' title='bbox 1295 2389 1397 2475; x_wconf 73' lang='lat' dir='ltr'><em>pigm·</em></span> 
     </span>
     <span class='ocr_line' id='line_1_26' title="bbox 171 2469 1393 2562; baseline 0.005 -30"><span class='ocrx_word' id='word_1_244' title='bbox 171 2487 229 2534; x_wconf 87' lang='lat' dir='ltr'><em>aut</em></span> <span class='ocrx_word' id='word_1_245' title='bbox 244 2476 435 2550; x_wconf 82' lang='lat' dir='ltr'><em>praedonum</em></span> <span class='ocrx_word' id='word_1_246' title='bbox 454 2472 596 2547; x_wconf 85' lang='lat' dir='ltr'><em>impetu,</em></span> <span class='ocrx_word' id='word_1_247' title='bbox 618 2469 674 2532; x_wconf 87' lang='lat' dir='ltr'><em>hos</em></span> <span class='ocrx_word' id='word_1_248' title='bbox 701 2490 760 2533; x_wconf 89' lang='lat' dir='ltr'><em>ca·</em></span> <span class='ocrx_word' id='word_1_249' title='bbox 808 2490 869 2537; x_wconf 85' lang='lat' dir='ltr'><em>act.</em></span> <span class='ocrx_word' id='word_1_250' title='bbox 881 2478 1013 2556; x_wconf 87' lang='lat' dir='ltr'><em>Uipian.</em></span> <span class='ocrx_word' id='word_1_251' title='bbox 1026 2479 1059 2538; x_wconf 89' lang='lat' dir='ltr'><em>in</em></span> <span class='ocrx_word' id='word_1_252' title='bbox 1074 2476 1096 2540; x_wconf 88' lang='lat' dir='ltr'><em>t.</em></span> <span class='ocrx_word' id='word_1_253' title='bbox 1109 2496 1141 2557; x_wconf 86' lang='lat'><em>7.</em></span> <span class='ocrx_word' id='word_1_254' title='bbox 1152 2477 1245 2562; x_wconf 62' lang='lat' dir='ltr'><em>§tutu</em></span> <span class='ocrx_word' id='word_1_255' title='bbox 1258 2477 1295 2538; x_wconf 79' lang='lat' dir='ltr'><em>dr</em></span> <span class='ocrx_word' id='word_1_256' title='bbox 1305 2477 1393 2555; x_wconf 84' lang='lat' dir='ltr'><em>urus.</em></span> 
     </span>
     <span class='ocr_line' id='line_1_27' title="bbox 97 2557 1393 2645; baseline 0.005 -23"><span class='ocrx_word' id='word_1_257' title='bbox 97 2574 102 2583; x_wconf 57' lang='lat'>¹</span> <span class='ocrx_word' id='word_1_258' title='bbox 174 2578 227 2625; x_wconf 91' lang='lat' dir='ltr'><em>sus</em></span> <span class='ocrx_word' id='word_1_259' title='bbox 243 2561 439 2626; x_wconf 80' lang='lat' dir='ltr'><em>fructuarius</em></span> <span class='ocrx_word' id='word_1_260' title='bbox 456 2576 601 2636; x_wconf 85' lang='lat' dir='ltr'><em>praestare</em></span> <span class='ocrx_word' id='word_1_261' title='bbox 618 2577 682 2620; x_wconf 88' lang='grc' dir='ltr'><strong>ιιοιι</strong></span> <span class='ocrx_word' id='word_1_262' title='bbox 699 2557 760 2620; x_wconf 90' lang='lat' dir='ltr'><em>de-</em></span> <span class='ocrx_word' id='word_1_263' title='bbox 808 2563 934 2640; x_wconf 89' lang='lat' dir='ltr'><em>scribit,</em></span> <span class='ocrx_word' id='word_1_264' title='bbox 948 2565 1158 2627; x_wconf 85' lang='lat' dir='ltr'><em>fructuarium</em></span> <span class='ocrx_word' id='word_1_265' title='bbox 1169 2568 1242 2645; x_wconf 83' lang='lat' dir='ltr'><em>cogi</em></span> <span class='ocrx_word' id='word_1_266' title='bbox 1254 2578 1287 2626; x_wconf 88' lang='lat' dir='ltr'><em>et</em></span> <span class='ocrx_word' id='word_1_267' title='bbox 1300 2566 1393 2628; x_wconf 85' lang='lat' dir='ltr'><em>adse·</em></span> 
     </span>
     <span class='ocr_line' id='line_1_28' title="bbox 173 2646 1456 2729; baseline 0.004 -17"><span class='ocrx_word' id='word_1_268' title='bbox 173 2648 249 2728; x_wconf 90' lang='lat' dir='ltr'><em>bet,</em></span> <span class='ocrx_word' id='word_1_269' title='bbox 284 2670 343 2712; x_wconf 87' lang='lat' dir='ltr'><em>nec</em></span> <span class='ocrx_word' id='word_1_270' title='bbox 379 2651 412 2708; x_wconf 91' lang='lat' dir='ltr'><em>in</em></span> <span class='ocrx_word' id='word_1_271' title='bbox 440 2647 545 2708; x_wconf 87' lang='lat' dir='ltr'><em>locum</em></span> <span class='ocrx_word' id='word_1_272' title='bbox 575 2646 760 2708; x_wconf 87' lang='lat' dir='ltr'><em>amissorum</em></span> <span class='ocrx_word' id='word_1_273' title='bbox 809 2669 878 2712; x_wconf 90' lang='lat' dir='ltr'><em>rere</em></span> <span class='ocrx_word' id='word_1_274' title='bbox 894 2653 1038 2728; x_wconf 88' lang='lat' dir='ltr'><em>arbores,</em></span> <span class='ocrx_word' id='word_1_275' title='bbox 1060 2651 1095 2713; x_wconf 80' lang='lat' dir='ltr'><em>iti</em></span> <span class='ocrx_word' id='word_1_276' title='bbox 1117 2669 1179 2729; x_wconf 89' lang='lat' dir='ltr'><em>est,</em></span> <span class='ocrx_word' id='word_1_277' title='bbox 1195 2651 1299 2714; x_wconf 88' lang='lat' dir='ltr'><em>forare</em></span> <span class='ocrx_word' id='word_1_278' title='bbox 1321 2670 1393 2716; x_wconf 85' lang='lat' dir='ltr'><em>me·</em></span> <span class='ocrx_word' id='word_1_279' title='bbox 1452 2712 1456 2717; x_wconf 88' lang='lat'>.</span> 
     </span>
     <span class='ocr_line' id='line_1_29' title="bbox 168 2731 1391 2816; baseline 0.002 -17"><span class='ocrx_word' id='word_1_280' title='bbox 168 2740 237 2800; x_wconf 83' lang='lat' dir='ltr'><em>alia</em></span> <span class='ocrx_word' id='word_1_281' title='bbox 268 2740 458 2814; x_wconf 85' lang='lat' dir='ltr'><em>subsistere,</em></span> <span class='ocrx_word' id='word_1_282' title='bbox 487 2752 555 2814; x_wconf 82' lang='lat' dir='ltr'><em>arg.</em></span> <span class='ocrx_word' id='word_1_283' title='bbox 582 2731 604 2797; x_wconf 81' lang='lat' dir='ltr'><em>f.</em></span> <span class='ocrx_word' id='word_1_284' title='bbox 636 2751 689 2815; x_wconf 88' lang='lat'><em>59.</em></span> <span class='ocrx_word' id='word_1_285' title='bbox 720 2733 759 2807; x_wconf 78' lang='lat' dir='ltr'><em>de</em></span> <span class='ocrx_word' id='word_1_286' title='bbox 808 2736 928 2803; x_wconf 83' lang='lat' dir='ltr'><em>dullart</em></span> <span class='ocrx_word' id='word_1_287' title='bbox 945 2741 1065 2802; x_wconf 87' lang='lat' dir='ltr'><em>arboris</em></span> <span class='ocrx_word' id='word_1_288' title='bbox 1081 2741 1257 2816; x_wconf 85' lang='lat' dir='ltr'><em>sterilis,er</em></span> <span class='ocrx_word' id='word_1_289' title='bbox 1270 2743 1304 2801; x_wconf 86' lang='lat' dir='ltr'><em>in</em></span> <span class='ocrx_word' id='word_1_290' title='bbox 1320 2759 1391 2808; x_wconf 81' lang='lat' dir='ltr'><em>earu</em></span> 
     </span>
     <span class='ocr_line' id='line_1_30' title="bbox 167 2823 1455 2911; baseline 0.005 -25"><span class='ocrx_word' id='word_1_291' title='bbox 167 2823 278 2904; x_wconf 70' lang='lat' dir='ltr'><em>erufr.</em></span> <span class='ocrx_word' id='word_1_292' title='bbox 807 2827 965 2891; x_wconf 79' lang='lat' dir='ltr'><em>foecuudae</em></span> <span class='ocrx_word' id='word_1_293' title='bbox 977 2829 1134 2911; x_wconf 75' lang='lat' dir='ltr'><em>calamum</em></span> <span class='ocrx_word' id='word_1_294' title='bbox 1145 2830 1393 2894; x_wconf 77' lang='lat' dir='ltr'><em>immittererin·</em></span> <span class='ocrx_word' id='word_1_295' title='bbox 1451 2852 1455 2859; x_wconf 62' lang='lat'><strong><em>¹</em></strong></span> 
     </span>
     <span class='ocr_line' id='line_1_31' title="bbox 218 2906 1390 3004; baseline 0.005 -28"><span class='ocrx_word' id='word_1_296' title='bbox 218 2933 242 2993; x_wconf 87' lang='lat'>4</span> <span class='ocrx_word' id='word_1_297' title='bbox 288 2913 361 3002; x_wconf 78' lang='lat' dir='ltr'><em>(Ex</em></span> <span class='ocrx_word' id='word_1_298' title='bbox 377 2910 458 2992; x_wconf 82' lang='lat' dir='ltr'><em>futu</em></span> <span class='ocrx_word' id='word_1_299' title='bbox 473 2906 682 2999; x_wconf 81' lang='lat' dir='ltr'><em>submittere).</em></span> <span class='ocrx_word' id='word_1_300' title='bbox 698 2909 757 2976; x_wconf 87' lang='lat' dir='ltr'><em>Ait</em></span> <span class='ocrx_word' id='word_1_301' title='bbox 805 2917 930 2983; x_wconf 84' lang='lat' dir='ltr'><em>sirianis</em></span> <span class='ocrx_word' id='word_1_302' title='bbox 953 2919 1148 2995; x_wconf 74' lang='lat' dir='ltr'><em>speciesuro</em></span> <span class='ocrx_word' id='word_1_303' title='bbox 1171 2934 1296 2999; x_wconf 76' lang='lat' dir='ltr'><em>gessere.</em></span> <span class='ocrx_word' id='word_1_304' title='bbox 1313 2918 1390 3004; x_wconf 81' lang='lat' dir='ltr'><em>Qua</em></span> 
     </span>
     <span class='ocr_line' id='line_1_32' title="bbox 169 3001 1388 3084; baseline 0.008 -20"><span class='ocrx_word' id='word_1_305' title='bbox 169 3020 211 3065; x_wconf 78' lang='lat' dir='ltr'><em>as</em></span> <span class='ocrx_word' id='word_1_306' title='bbox 219 3001 312 3081; x_wconf 84' lang='lat' dir='ltr'><em>futu.</em></span> <span class='ocrx_word' id='word_1_307' title='bbox 328 3005 443 3080; x_wconf 86' lang='lat' dir='ltr'><em>Neque</em></span> <span class='ocrx_word' id='word_1_308' title='bbox 459 3005 542 3066; x_wconf 83' lang='lat' dir='ltr'><em>enim</em></span> <span class='ocrx_word' id='word_1_309' title='bbox 558 3001 598 3064; x_wconf 89' lang='lat' dir='ltr'><em>de</em></span> <span class='ocrx_word' id='word_1_310' title='bbox 609 3019 754 3083; x_wconf 85' lang='lat' dir='ltr'><em>suogre-</em></span> <span class='ocrx_word' id='word_1_311' title='bbox 804 3005 905 3069; x_wconf 85' lang='lat' dir='ltr'><em>forma</em></span> <span class='ocrx_word' id='word_1_312' title='bbox 928 3007 1123 3084; x_wconf 76' lang='lat' dir='ltr'><em>Papinianus</em></span> <span class='ocrx_word' id='word_1_313' title='bbox 1143 3006 1222 3069; x_wconf 83' lang='lat' dir='ltr'><em>dixit</em></span> <span class='ocrx_word' id='word_1_314' title='bbox 1244 3006 1388 3074; x_wconf 86' lang='lat' dir='ltr'><em>adserere</em></span> 
     </span>
     <span class='ocr_line' id='line_1_33' title="bbox 169 3093 1386 3178; baseline 0.007 -24"><span class='ocrx_word' id='word_1_315' title='bbox 169 3111 243 3172; x_wconf 78' lang='lat' dir='ltr'><em>geru</em></span> <span class='ocrx_word' id='word_1_316' title='bbox 256 3095 399 3172; x_wconf 82' lang='lat' dir='ltr'><em>supplere</em></span> <span class='ocrx_word' id='word_1_317' title='bbox 410 3093 602 3156; x_wconf 74' lang='lat' dir='ltr'><em>fructuarius</em></span> <span class='ocrx_word' id='word_1_318' title='bbox 615 3094 754 3172; x_wconf 86' lang='lat' dir='ltr'><em>cogitur,</em></span> <span class='ocrx_word' id='word_1_319' title='bbox 802 3098 940 3178; x_wconf 73' lang='lat' dir='ltr'><em>prolem,</em></span> <span class='ocrx_word' id='word_1_320' title='bbox 956 3116 1013 3174; x_wconf 87' lang='lat' dir='ltr'><em>pto</em></span> <span class='ocrx_word' id='word_1_321' title='bbox 1028 3095 1197 3171; x_wconf 74' lang='lat' dir='ltr'><em>adoptares</em></span> <span class='ocrx_word' id='word_1_322' title='bbox 1223 3097 1304 3161; x_wconf 87' lang='lat' dir='ltr'><em>sicut</em></span> <span class='ocrx_word' id='word_1_323' title='bbox 1319 3104 1386 3162; x_wconf 85' lang='lat' dir='ltr'><em>sci·</em></span> 
     </span>
     <span class='ocr_line' id='line_1_34' title="bbox 169 3180 1387 3263; baseline 0.007 -21"><span class='ocrx_word' id='word_1_324' title='bbox 169 3182 278 3261; x_wconf 73' lang='lat' dir='ltr'><em>sedes</em></span> <span class='ocrx_word' id='word_1_325' title='bbox 295 3184 417 3263; x_wconf 82' lang='lat' dir='ltr'><em>agnatis</em></span> <span class='ocrx_word' id='word_1_326' title='bbox 433 3182 610 3257; x_wconf 87' lang='lat' dir='ltr'><em>capitibus,</em></span> <span class='ocrx_word' id='word_1_327' title='bbox 627 3180 752 3257; x_wconf 77' lang='lat' dir='ltr'><em>hocas,</em></span> <span class='ocrx_word' id='word_1_328' title='bbox 799 3185 874 3247; x_wconf 89' lang='lat' dir='ltr'><em>licet</em></span> <span class='ocrx_word' id='word_1_329' title='bbox 885 3184 1070 3246; x_wconf 88' lang='lat' dir='ltr'><em>inforationi</em></span> <span class='ocrx_word' id='word_1_330' title='bbox 1084 3185 1229 3247; x_wconf 88' lang='lat' dir='ltr'><em>surculus</em></span> <span class='ocrx_word' id='word_1_331' title='bbox 1240 3198 1387 3257; x_wconf 86' lang='lat' dir='ltr'><em>truncum</em></span> 
     </span>
     <span class='ocr_line' id='line_1_35' title="bbox 172 3266 1295 3356; baseline 0.008 -26"><span class='ocrx_word' id='word_1_332' title='bbox 172 3272 256 3332; x_wconf 84' lang='lat' dir='ltr'><em>natis</em></span> <span class='ocrx_word' id='word_1_333' title='bbox 270 3291 309 3332; x_wconf 83' lang='lat' dir='ltr'><em>err</em></span> <span class='ocrx_word' id='word_1_334' title='bbox 322 3271 433 3334; x_wconf 87' lang='lat' dir='ltr'><em>eodem</em></span> <span class='ocrx_word' id='word_1_335' title='bbox 448 3287 562 3351; x_wconf 79' lang='lat' dir='ltr'><em>grege,</em></span> <span class='ocrx_word' id='word_1_336' title='bbox 573 3266 595 3327; x_wconf 80' lang='lat' dir='ltr'><em>f.</em></span> <span class='ocrx_word' id='word_1_337' title='bbox 610 3269 663 3328; x_wconf 86' lang='lat'><em>68.</em></span> <span class='ocrx_word' id='word_1_338' title='bbox 676 3268 704 3349; x_wconf 83' lang='lat'><em>§.</em></span> <span class='ocrx_word' id='word_1_339' title='bbox 721 3287 751 3329; x_wconf 82' lang='lat' dir='ltr'><em>a·</em></span> <span class='ocrx_word' id='word_1_340' title='bbox 804 3272 952 3353; x_wconf 85' lang='lat' dir='ltr'><em>adoptat,</em></span> <span class='ocrx_word' id='word_1_341' title='bbox 972 3268 1082 3353; x_wconf 84' lang='lat' dir='ltr'><em>Cujac.</em></span> <span class='ocrx_word' id='word_1_342' title='bbox 1100 3290 1150 3335; x_wconf 82' lang='grc' dir='ltr'><em>ιι.</em></span> <span class='ocrx_word' id='word_1_343' title='bbox 1162 3274 1223 3355; x_wconf 70' lang='lat' dir='ltr'><em>abr.</em></span> <span class='ocrx_word' id='word_1_344' title='bbox 1241 3279 1295 3356; x_wconf 85' lang='lat'><em>36.</em></span> 
     </span>
     <span class='ocr_line' id='line_1_36' title="bbox 172 3354 967 3438; baseline 0.001 -20"><span class='ocrx_word' id='word_1_345' title='bbox 172 3356 238 3422; x_wconf 84' lang='lat' dir='ltr'><em>ead.</em></span> <span class='ocrx_word' id='word_1_346' title='bbox 256 3359 394 3421; x_wconf 84' lang='lat' dir='ltr'><em>Proinde·</em></span> <span class='ocrx_word' id='word_1_347' title='bbox 404 3360 431 3420; x_wconf 91' lang='lat' dir='ltr'><em>si</em></span> <span class='ocrx_word' id='word_1_348' title='bbox 444 3377 483 3420; x_wconf 82' lang='lat' dir='ltr'><em>ex</em></span> <span class='ocrx_word' id='word_1_349' title='bbox 503 3373 601 3438; x_wconf 80' lang='lat' dir='ltr'><em>grege</em></span> <span class='ocrx_word' id='word_1_350' title='bbox 615 3354 757 3419; x_wconf 84' lang='lat' dir='ltr'><em>nundum</em></span> <span class='ocrx_word' id='word_1_351' title='bbox 959 3380 967 3396; x_wconf 92' lang='lat'><strong>·</strong></span> 
     </span>
     <span class='ocr_line' id='line_1_37' title="bbox 171 3442 1185 3549; baseline -0.002 -41"><span class='ocrx_word' id='word_1_352' title='bbox 171 3447 239 3509; x_wconf 86' lang='lat' dir='ltr'><em>ulia</em></span> <span class='ocrx_word' id='word_1_353' title='bbox 248 3463 322 3511; x_wconf 85' lang='lat' dir='ltr'><em>trata</em></span> <span class='ocrx_word' id='word_1_354' title='bbox 334 3448 560 3524; x_wconf 79' lang='lat' dir='ltr'><em>sintprioribus</em></span> <span class='ocrx_word' id='word_1_355' title='bbox 572 3442 758 3522; x_wconf 83' lang='lat' dir='ltr'><em>demortuis,</em></span> <span class='ocrx_word' id='word_1_356' title='bbox 988 3486 1185 3549; x_wconf 69' lang='lat' dir='ltr'><strong>TEXTUS</strong></span> 
     </span>
     <span class='ocr_line' id='line_1_38' title="bbox 172 3525 1199 3617; baseline -0.001 -20"><span class='ocrx_word' id='word_1_357' title='bbox 172 3539 271 3600; x_wconf 87' lang='lat' dir='ltr'><em>aursi</em></span> <span class='ocrx_word' id='word_1_358' title='bbox 286 3556 362 3599; x_wconf 86' lang='lat' dir='ltr'><em>oves</em></span> <span class='ocrx_word' id='word_1_359' title='bbox 378 3535 594 3617; x_wconf 85' lang='lat' dir='ltr'><em>abortierunt,</em></span> <span class='ocrx_word' id='word_1_360' title='bbox 615 3549 671 3597; x_wconf 89' lang='lat' dir='ltr'><em>aut</em></span> <span class='ocrx_word' id='word_1_361' title='bbox 692 3533 762 3596; x_wconf 62' lang='lat' dir='ltr'><em>toe«</em></span> <span class='ocrx_word' id='word_1_362' title='bbox 1164 3525 1199 3601; x_wconf 67' lang='grc' dir='ltr'><strong>ι’</strong></span> 
     </span>
    </p>
   </div>
   <div class='ocr_carea' id='block_1_3' title="bbox 169 3622 1332 3793">
    <p class='ocr_par' dir='ltr' id='par_1_3' title="bbox 169 3622 1332 3793">
     <span class='ocr_line' id='line_1_39' title="bbox 169 3622 1332 3720; baseline -0.003 -35"><span class='ocrx_word' id='word_1_363' title='bbox 169 3635 223 3687; x_wconf 86' lang='lat' dir='ltr'><em>tus</em></span> <span class='ocrx_word' id='word_1_364' title='bbox 235 3627 415 3703; x_wconf 87' lang='lat' dir='ltr'><em>perierunt,</em></span> <span class='ocrx_word' id='word_1_365' title='bbox 430 3624 610 3701; x_wconf 83' lang='lat' dir='ltr'><em>priusquam</em></span> <span class='ocrx_word' id='word_1_366' title='bbox 621 3622 755 3684; x_wconf 82' lang='lat' dir='ltr'><em>subruit-</em></span> <span class='ocrx_word' id='word_1_367' title='bbox 858 3639 914 3713; x_wconf 63' lang='lat' dir='ltr'><em>De</em></span> <span class='ocrx_word' id='word_1_368' title='bbox 938 3642 1138 3716; x_wconf 62' lang='lat' dir='ltr'><em>inventione</em></span> <span class='ocrx_word' id='word_1_369' title='bbox 1165 3642 1332 3720; x_wconf 40' lang='lat' dir='ltr'><strong>thesauri·</strong></span> 
     </span>
     <span class='ocr_line' id='line_1_40' title="bbox 169 3709 755 3793; baseline -0.002 -20"><span class='ocrx_word' id='word_1_370' title='bbox 169 3713 198 3773; x_wconf 91' lang='lat' dir='ltr'><em>ti</em></span> <span class='ocrx_word' id='word_1_371' title='bbox 222 3731 365 3793; x_wconf 68' lang='lat' dir='ltr'><em>possente</em></span> <span class='ocrx_word' id='word_1_372' title='bbox 391 3711 473 3775; x_wconf 87' lang='lat' dir='ltr'><em>nihil</em></span> <span class='ocrx_word' id='word_1_373' title='bbox 493 3712 637 3788; x_wconf 84' lang='lat' dir='ltr'><em>supplere</em></span> <span class='ocrx_word' id='word_1_374' title='bbox 653 3709 755 3772; x_wconf 84' lang='lat' dir='ltr'><em>debe-</em></span> 
     </span>
    </p>
   </div>
   <div class='ocr_carea' id='block_1_4' title="bbox 169 3794 1385 4059">
    <p class='ocr_par' dir='ltr' id='par_1_4' title="bbox 169 3794 1385 4059">
     <span class='ocr_line' id='line_1_41' title="bbox 171 3794 1385 3887; baseline 0.003 -28"><span class='ocrx_word' id='word_1_375' title='bbox 171 3796 221 3860; x_wconf 90' lang='lat' dir='ltr'><em>bit</em></span> <span class='ocrx_word' id='word_1_376' title='bbox 239 3801 441 3887; x_wconf 82' lang='lat' dir='ltr'><em>fructuarius.</em></span> <span class='ocrx_word' id='word_1_377' title='bbox 454 3794 493 3863; x_wconf 88' lang='lat' dir='ltr'><em>In</em></span> <span class='ocrx_word' id='word_1_378' title='bbox 509 3801 613 3863; x_wconf 88' lang='lat' dir='ltr'><em>locutu</em></span> <span class='ocrx_word' id='word_1_379' title='bbox 625 3817 754 3874; x_wconf 86' lang='lat' dir='ltr'><em>quoque</em></span> <span class='ocrx_word' id='word_1_380' title='bbox 849 3815 892 3876; x_wconf 85' lang='lat'><em>39</em></span> <span class='ocrx_word' id='word_1_381' title='bbox 935 3798 1126 3873; x_wconf 75' lang='lat' dir='ltr'><em>Thesauros,</em></span> <span class='ocrx_word' id='word_1_382' title='bbox 1153 3816 1226 3880; x_wconf 82' lang='lat' dir='ltr'><em>quur</em></span> <span class='ocrx_word' id='word_1_383' title='bbox 1254 3798 1325 3882; x_wconf 82' lang='lat' dir='ltr'><em>quir</em></span> <span class='ocrx_word' id='word_1_384' title='bbox 1349 3799 1385 3863; x_wconf 80' lang='lat' dir='ltr'><em>iu</em></span> 
     </span>
     <span class='ocr_line' id='line_1_42' title="bbox 170 3880 1385 3970; baseline -0.002 -20"><span class='ocrx_word' id='word_1_385' title='bbox 170 3894 283 3951; x_wconf 84' lang='lat' dir='ltr'><em>eorutri</em></span> <span class='ocrx_word' id='word_1_386' title='bbox 304 3895 460 3970; x_wconf 82' lang='lat' dir='ltr'><em>capitum,</em></span> <span class='ocrx_word' id='word_1_387' title='bbox 477 3909 573 3966; x_wconf 88' lang='lat' dir='ltr'><em>quern</em></span> <span class='ocrx_word' id='word_1_388' title='bbox 596 3889 754 3952; x_wconf 81' lang='lat' dir='ltr'><em>velseniu</em></span> <span class='ocrx_word' id='word_1_389' title='bbox 801 3880 862 3947; x_wconf 74' lang='lat' dir='ltr'><em>foca</em></span> <span class='ocrx_word' id='word_1_390' title='bbox 891 3907 945 3949; x_wconf 86' lang='lat' dir='ltr'><em>rua</em></span> <span class='ocrx_word' id='word_1_391' title='bbox 971 3884 1147 3961; x_wconf 82' lang='lat' dir='ltr'><em>inuenerit,</em></span> <span class='ocrx_word' id='word_1_392' title='bbox 1176 3882 1283 3947; x_wconf 78' lang='lat' dir='ltr'><em>Diuus</em></span> <span class='ocrx_word' id='word_1_393' title='bbox 1309 3884 1385 3947; x_wconf 87' lang='lat' dir='ltr'><em>Ha-</em></span> 
     </span>
     <span class='ocr_line' id='line_1_43' title="bbox 169 3971 1383 4059; baseline -0.008 -21"><span class='ocrx_word' id='word_1_394' title='bbox 169 3976 227 4041; x_wconf 84' lang='lat' dir='ltr'><em>vel</em></span> <span class='ocrx_word' id='word_1_395' title='bbox 254 3980 330 4041; x_wconf 86' lang='lat' dir='ltr'><em>virio</em></span> <span class='ocrx_word' id='word_1_396' title='bbox 350 3980 488 4059; x_wconf 88' lang='lat' dir='ltr'><em>corporis</em></span> <span class='ocrx_word' id='word_1_397' title='bbox 512 3981 640 4043; x_wconf 85' lang='lat' dir='ltr'><em>inutilia</em></span> <span class='ocrx_word' id='word_1_398' title='bbox 667 3977 753 4043; x_wconf 79' lang='lat' dir='ltr'><em>facta</em></span> <span class='ocrx_word' id='word_1_399' title='bbox 801 3973 930 4037; x_wconf 68' lang='lat' dir='ltr'><em>arianus</em></span> <span class='ocrx_word' id='word_1_400' title='bbox 954 3971 1124 4035; x_wconf 80' lang='lat' dir='ltr'><em>naturalem</em></span> <span class='ocrx_word' id='word_1_401' title='bbox 1143 3974 1312 4055; x_wconf 76' lang='lat' dir='ltr'><em>equitatem</em></span> <span class='ocrx_word' id='word_1_402' title='bbox 1327 3993 1383 4038; x_wconf 79' lang='lat' dir='ltr'><em>re..</em></span> 
     </span>
    </p>
   </div>
   <div class='ocr_carea' id='block_1_5' title="bbox 167 4059 1385 4237">
    <p class='ocr_par' dir='ltr' id='par_1_5' title="bbox 167 4059 1385 4237">
     <span class='ocr_line' id='line_1_44' title="bbox 168 4059 1384 4150; baseline -0.012 -21"><span class='ocrx_word' id='word_1_403' title='bbox 168 4081 263 4144; x_wconf 85' lang='lat' dir='ltr'><em>sunt,</em></span> <span class='ocrx_word' id='word_1_404' title='bbox 280 4069 343 4130; x_wconf 84' lang='lat' dir='ltr'><em>alia</em></span> <span class='ocrx_word' id='word_1_405' title='bbox 366 4087 404 4132; x_wconf 83' lang='lat' dir='ltr'><em>ex</em></span> <span class='ocrx_word' id='word_1_406' title='bbox 426 4068 505 4134; x_wconf 79' lang='lat' dir='ltr'><em>foettt</em></span> <span class='ocrx_word' id='word_1_407' title='bbox 527 4067 753 4150; x_wconf 77' lang='lat' dir='ltr'><em>submittenda,</em></span> <span class='ocrx_word' id='word_1_408' title='bbox 801 4074 891 4125; x_wconf 77' lang='lat' dir='ltr'><em>cutur‘</em></span> <span class='ocrx_word' id='word_1_409' title='bbox 915 4061 943 4121; x_wconf 86' lang='lat' dir='ltr'><em>ei</em></span> <span class='ocrx_word' id='word_1_410' title='bbox 961 4059 1130 4136; x_wconf 81' lang='lat' dir='ltr'><em>raucessit,</em></span> <span class='ocrx_word' id='word_1_411' title='bbox 1150 4061 1202 4141; x_wconf 83' lang='lat' dir='ltr'><em>qui</em></span> <span class='ocrx_word' id='word_1_412' title='bbox 1227 4080 1275 4122; x_wconf 84' lang='lat' dir='ltr'><em>eur</em></span> <span class='ocrx_word' id='word_1_413' title='bbox 1291 4061 1384 4128; x_wconf 78' lang='lat' dir='ltr'><em>irrue.</em></span> 
     </span>
     <span class='ocr_line' id='line_1_45' title="bbox 167 4144 1385 4237; baseline -0.001 -20"><span class='ocrx_word' id='word_1_414' title='bbox 167 4152 194 4219; x_wconf 84' lang='grc' dir='ltr'><em>Ι.</em></span> <span class='ocrx_word' id='word_1_415' title='bbox 210 4158 265 4237; x_wconf 88' lang='lat'><em>69.</em></span> <span class='ocrx_word' id='word_1_416' title='bbox 286 4152 354 4225; x_wconf 71' lang='lat' dir='ltr'><em>aaa.</em></span> <span class='ocrx_word' id='word_1_417' title='bbox 754 4194 762 4211; x_wconf 55' lang='lat' dir='ltr'><em>t</em></span> <span class='ocrx_word' id='word_1_418' title='bbox 801 4150 897 4221; x_wconf 79' lang='lat' dir='ltr'><em>uerit.</em></span> <span class='ocrx_word' id='word_1_419' title='bbox 924 4144 1067 4233; x_wconf 76' lang='lat' dir='ltr'><em>Idemque</em></span> <span class='ocrx_word' id='word_1_420' title='bbox 1092 4147 1231 4231; x_wconf 80' lang='lat' dir='ltr'><em>statuit,</em></span> <span class='ocrx_word' id='word_1_421' title='bbox 1256 4150 1286 4213; x_wconf 86' lang='lat' dir='ltr'><em>ri</em></span> <span class='ocrx_word' id='word_1_422' title='bbox 1314 4152 1385 4235; x_wconf 77' lang='lat' dir='ltr'><em>quit</em></span> 
     </span>
    </p>
   </div>
   <div class='ocr_carea' id='block_1_6' title="bbox 0 0 1610 4758">
    <p class='ocr_par' dir='ltr' id='par_1_6' title="bbox 0 0 1610 4758">
     <span class='ocr_line' id='line_1_46' title="bbox 0 0 1610 4758; baseline 0 3"><span class='ocrx_word' id='word_1_423' title='bbox 0 0 1610 4758; x_wconf 95' lang='lat' dir='ltr'><em> </em></span> 
     </span>
    </p>
   </div>
  </div>
 </body>
</html>
