3228 4768
460 175 524 307 De
539 230 754 310 haeredibus
777 242 1036 318 instituendis.
1265 206 1339 345 443

139 374 284 439 stituitur
303 373 343 459 in
357 381 478 451 tempus
490 372 652 452 capiendae
666 374 730 438 lna·
777 371 862 442 „lt
871 396 901 460 5.
919 381 1007 447 Dum
1025 397 1130 447 autem
1144 352 1245 448 libeni*
1260 400 1362 450 testa.

136 462 298 539 feditatis,
324 459 346 523 i.
369 464 424 525 62.
450 460 505 525 inc
520 462 572 524 rit.
595 466 730 544 quista7
779 471 1361 539 ntoruminstituuntursubconditio-

135 562 206 613 men
219 569 314 615 casus
328 549 347 611 it
363 548 559 615 doctioribus
580 551 729 619 omnibus
777 578 860 635 nna,
873 578 942 635 quae
956 561 990 621 in
1004 578 1115 631 eorum.
1124 576 1278 641 potestate
1294 586 1359 629 nota
1452 569 1458 575 “

141 640 343 721 restringitur
364 639 406 702 ad
420 659 491 718 eos,
505 642 559 716 qui
577 660 641 704 non
656 645 730 705 sim·
778 649 869 724 nsit,
895 648 981 711 valet
998 651 1153 712 institutio
1175 654 1359 719 conditione

135 727 258 804 pliciter
280 730 446 805 incapaces
477 743 568 808 sunt,
594 730 648 793 sed
671 738 727 793 se·
776 736 1108 815 ›ninsuperbabita,l.
1122 759 1169 800 11.
1183 740 1223 798 tir
1242 741 1359 819 4.P.6.

133 815 276 881 cundum
291 815 394 893 quid,
409 818 519 893 quales
548 833 622 881 sunt
643 818 724 899 orbi,
774 825 826 886 nl.
835 844 866 905 9.
879 823 943 888 eod.
953 841 985 891 et
997 828 1032 889 in
1045 827 1090 888 eis
1104 828 1189 890 idem
1203 826 1318 908 Lopez.
1330 832 1354 870 '⁹

132 904 280 980 coelibes3
302 922 383 980 quos
394 904 607 983 proculdubio
620 907 722 971 haete-

131 991 188 1055 des
209 993 374 1056 instituere
397 995 470 1058 licet
479 1040 490 1072 ,
513 1013 586 1060 cum
606 996 724 1062 liberos
856 1048 859 1051 -
937 1038 965 1097 Τ
980 1039 1007 1097 Ε
1022 1039 1053 1097 X
1067 1039 1095 1098 Τ
1110 1039 1140 1098 U
1156 1038 1176 1097 3

131 1083 341 1160 susceperint,
351 1101 424 1145 cunt
436 1102 550 1147 uxores
561 1084 723 1150 duxerint.
1178 1075 1189 1095 ”

130 1169 173 1233 Et
186 1164 342 1233 duntaxat
356 1172 462 1235 locum
478 1171 573 1236 habet
588 1193 659 1238 curn
674 1180 722 1237 in·
803 1190 860 1263 De
878 1191 1081 1267 conditione
1102 1192 1316 1286 impossibili·

127 1261 289 1337 capacitas
323 1273 369 1322 ert
400 1279 440 1325 eu
455 1276 543 1339 parte
572 1264 723 1342 instituti,
1324 1284 1327 1293 ¹

128 1349 315 1411 nonedam
338 1349 433 1411 simul
457 1368 495 1413 etc
518 1364 608 1428 parte
623 1367 723 1415 testa·
821 1366 860 1410 ro
900 1344 1107 1430 inpossibilis
1122 1347 1254 1410 conditio
1265 1346 1297 1408 ln
1309 1348 1358 1412 in·

129 1437 220 1499 toris:
238 1456 311 1501 natu
324 1438 451 1514 spurius
464 1436 524 1500 hoc
531 1436 725 1503 modorCunr
773 1434 985 1498 stitutionibur
1007 1451 1037 1497 er
1062 1435 1178 1521 legatis
1195 1458 1305 1499 necnon
1321 1438 1355 1501 in

127 1524 377 1609 superoperuit,
390 1524 409 1588 a
420 1540 511 1604 patre
519 1528 644 1593 institui
659 1548 724 1592 non
768 1522 1014 1605 fideicommissis
1022 1570 1032 1602 ,
1045 1540 1076 1585 er
1092 1523 1289 1589 libertatibus
1298 1543 1359 1612 pro

128 1616 263 1693 poterit.
313 1658 315 1662 ι
609 1657 614 1663 ,
772 1634 830 1677 non
843 1612 964 1698 scripio
980 1611 1137 1701 habetur(
1160 1611 1185 1700 ).

188 1722 211 1786 7
232 1759 237 1767 ,
264 1703 332 1766 “In
354 1705 531 1785 Hispania,
554 1719 721 1786 postquam

44 1796 48 1799 “
125 1789 181 1855 nl.
205 1790 721 1877 1.rir.18.lii.1o.N.R.pat·
779 1797 788 1881 f
835 1808 1283 1879 COMMENTApms,

124 1904 150 1943 n
158 1883 290 1949 missurn
301 1895 349 1942 est
361 1887 493 1962 paganis
505 1887 620 1962 partim
632 1899 721 1947 testa·
1116 1954 1120 1963 ,

122 1985 217 2048 nto,
243 1971 360 2045 partim
379 1971 530 2039 intestato
550 1970 721 2050 decedere,
831 1986 845 2030 t
902 1966 1111 2046 Impossibilis
1131 1966 1274 2030 conditio
1300 1983 1357 2047 est,
1443 2014 1453 2025 .

123 2071 195 2121 nur
222 2054 362 2120 diximus
388 2074 476 2142 supr.
499 2059 529 2144 §.
554 2076 570 2141 ς
595 2061 721 2125 nullum
769 2050 938 2118 definitore
968 2054 1174 2136 Justiniano:
1210 2054 1269 2119 Cui
1295 2066 1371 2120 nn.·

122 2145 271 2210 nadesse
298 2146 425 2210 videtur
448 2147 738 2230 impedimentum„
768 2156 841 2207 iura
873 2142 1090 2228 impedimento
1121 2157 1194 2223 est,
1236 2145 1357 2228 quomis·

120 2237 436 2317 nquominusbaeres
447 2239 720 2316 instituipossitax
768 2253 827 2296 nur
840 2232 974 2312 exisrnrr
989 2234 1109 2298 veluti:
1124 2230 1162 2294 Si
1177 2231 1279 2318 digito
1291 2253 1353 2296 cae·

118 2338 247 2407 „certo
274 2340 437 2404 tempore,
466 2328 517 2390 vel
550 2346 649 2403 usque
676 2326 719 2392 ad
767 2321 831 2397 ,lum
842 2322 1003 2408 tetigeris,
1018 2324 1047 2400 §.
1066 2318 1203 2397 11.infr.
1218 2321 1255 2382 de
1275 2321 1361 2391 inor.

117 2436 144 2474 a>
151 2425 409 2490 certumtempus
417 2434 455 2477 eo
466 2415 638 2494 effectum
650 2420 719 2479 reli·
767 2411 877 2494 eripui.
891 2407 953 2498 (a)
973 2410 1036 2474 Sed
1052 2425 1084 2474 et
1097 2429 1172 2486 quae
1190 2411 1273 2486 facta
1290 2430 1353 2475 na·

117 2522 222 2578 nquo
235 2513 377 2580 tempore
389 2501 556 2565 hareditas
571 2503 611 2568 ad
625 2504 720 2571 hare·
767 2499 860 2577 ruri,
888 2514 919 2563 et
947 2508 1002 2578 pe'r
1020 2518 1053 2563 se
1081 2500 1243 2577 possibilia
1266 2513 1354 2580 sunt,

104 2588 212 2657 andes
242 2591 285 2654 ab
308 2592 458 2653 intestato
472 2595 645 2670 pertineat:
660 2612 720 2657 uu·
768 2599 900 2667 possunt
910 2598 1075 2674 casu‚aut
1086 2583 1261 2666 adjectione
1273 2602 1353 2652 tem·

113 2678 193 2743 nde
206 2694 295 2743 recte
307 2682 409 2743 visum
421 2679 621 2744 estAnton.a
632 2681 720 2744 Tor·
768 2679 853 2761 poris
865 2672 935 2740 fieri
948 2676 1165 2753 impossibilior
1175 2675 1274 2738 veluti
1286 2678 1353 2739 exi·

112 2788 201 2832 ntes
218 2771 260 2833 iu
277 2770 307 2846 s.
326 2787 377 2831 10.
396 2767 471 2832 inst.
491 2767 546 2831 hoc
566 2769 620 2834 tir.
643 2790 721 2833 cor·
768 2784 844 2850 gere
856 2767 1042 2845 pecuniam,
1058 2761 1204 2829 Gadibus
1217 2764 1354 2831 Romam

115 2872 358 2922 ,trentamesse
382 2856 406 2922 l.
430 2876 481 2937 ις.
499 2857 597 2938 tir.‘3.
623 2857 663 2922 P.
686 2861 720 2925 6.
768 2856 937 2935 pervenire
955 2870 1028 2918 sunt
1042 2853 1226 2935 possibiliar
1241 2866 1275 2915 at
1289 2855 1358 2921 exi.-

110 2960 319 3023 nquatenus
341 2947 411 3024 ipsa
428 2943 483 3027 jus
501 2947 721 3013 Romanorum
768 2938 845 3027 gere
861 2947 1028 3023 pecuniam
1052 2943 1072 3007 a
1093 2961 1146 3019 se,
1162 2940 1261 3005 biduo
1280 2939 1356 3006 Ga-

109 3035 297 3116 „probans
310 3033 483 3114 statuebat,
497 3035 582 3103 diem
598 3051 720 3103 certum
768 3028 864 3098 dibus
887 3033 1022 3097 Romam
1038 3034 1221 3115 pervenire,
1235 3033 1354 3109 impos·

109 3144 219 3189 nnon
245 3137 331 3186 recte
354 3121 449 3204 adjici
476 3127 668 3191 institutioni
685 3129 721 3191 in
767 3124 884 3188 sibilia.
912 3121 1106 3186 Siveautem
1123 3119 1355 3207 perrecondi-

113 3213 722 3296 npaganorumtesramenris.Quiave·
769 3214 817 3276 rlo
835 3210 1045 3290 impossibilis
1061 3213 1125 3287 sir,
1149 3212 1216 3273 sive
1232 3222 1357 3289 propter

112 3327 140 3365 n
149 3322 189 3369 ro
210 3314 315 3365 cessat
334 3303 416 3385 ratio
439 3299 631 3365 extendendi
646 3321 722 3366 cor·
769 3302 1029 3365 circunstantiarn
1050 3299 1204 3377 aliquam,
1222 3297 1281 3361 hoc
1292 3296 1351 3380 ju·

114 3392 333 3456 „rectionem
349 3388 581 3458 aduocandum
600 3404 722 3471 partera
772 3407 805 3450 re
821 3391 940 3451 utimur
950 3434 960 3465 ,
972 3400 1010 3476 ut
1026 3388 1084 3451 sub
1100 3387 1155 3457 tali
1171 3386 1363 3451 conditiora

112 3475 303 3562 „ejusden
321 3475 342 3540 l.
360 3494 411 3555 ις.
430 3498 514 3543 verr.
529 3481 626 3558 Pero,
642 3500 722 3546 curn
772 3477 858 3542 facta
872 3477 1034 3542 institutio
1050 3494 1112 3539 non
1129 3480 1280 3552 vitietur,
1300 3475 1356 3539 sed

112 3586 247 3652 nasequ
264 3565 320 3629 ubi
335 3568 441 3647 agitur
455 3566 498 3631 de
521 3567 574 3632 die
588 3565 723 3649 incerto,
772 3578 940 3633 evanescat
951 3565 1094 3630 conditio
1102 3582 1132 3628 et
1141 3546 1198 3646 prb
1211 3569 1357 3629 nonacri-

109 3657 287 3727 nfirtnum
315 3669 423 3719 manet
441 3656 530 3732 quod
546 3655 590 3720 ibi
616 3658 713 3722 doce·
772 3670 827 3735 pta
849 3655 1021 3743 habeatur,
1044 3654 1067 3722 1.
1095 3675 1123 3717 t.
1147 3656 1168 3717 l.
1194 3656 1226 3715 6.
1253 3653 1274 3713 l.
1301 3670 1354 3719 20.

112 3766 250 3821 samur,
265 3765 355 3824 posse
370 3762 553 3822 quenquam
571 3760 654 3811 recte
668 3749 725 3811 in·
772 3744 812 3807 de
828 3743 913 3810 coni.
936 3745 1013 3819 inst,
1037 3746 1098 3808 nisi
1115 3741 1195 3807 iorre
1213 3739 1356 3803 conditio

111 3834 250 3897 nstitui
262 3853 301 3896 ex
317 3835 371 3898 die
386 3837 493 3899 mortis
509 3854 591 3901 suae:
604 3835 645 3899 de
662 3858 725 3902 cu·
772 3837 813 3897 sit
831 3836 921 3913 talis,
935 3854 1006 3910 quae
1022 3829 1158 3907 efficiat,
1170 3843 1205 3892 ut
1222 3832 1288 3908 ipsa
1306 3831 1356 3890 in·

113 3920 209 4004 „jus
225 3923 547 3991 institutionisfructu
562 3925 724 3992 ereffecru
772 3927 901 4005 stitutio
922 3919 1140 4001 impossibilis,
1169 3931 1225 3982 aut
1251 3919 1356 3997 potius

114 4036 142 4074 a>
151 4007 228 4077 vid.
254 4002 353 4091 Greg.
372 4012 452 4093 Lop.
475 4002 509 4076 in
522 4012 623 4101 gloss.
637 4016 670 4081 6.
691 4013 722 4078 d.
772 4013 923 4098 perplexa
938 4024 1036 4087 atque
1056 4007 1288 4088 inexplicabilis
1303 4009 1356 4088 sir,

67 4134 80 4151 ²
118 4160 123 4169 1
168 4178 628 4293 (Ῑ)ἰ·3·ἆ·ΐῑ*·ψΡ·6ι
775 4153 777 4159 ¹
817 4185 868 4291 (a)
896 4182 1357 4342 ffl.eod.oerr.anuellau

733 4319 735 4322 Α
985 4295 1002 4341 2
1348 4298 1355 4310 .

228 4346 249 4377 Χ
