3210 4758
294 255 370 354 m
713 221 1092 330 mmmr

261 417 356 476 quem
381 396 490 462 inveni
511 394 546 456 in
570 391 641 455 loeo
664 409 755 479 meo,
777 385 847 457 sive
894 407 937 461 tae
955 389 1036 458 fiunt
1052 393 1124 460 loco
1137 406 1331 470 quocunque
1344 410 1478 476 occupat

264 488 446 559 reunitum,
462 487 538 547 sive
552 483 737 559 quesitum,
757 494 847 547 meus
895 497 947 560 τε,
963 498 997 546 ut
1009 485 1083 550 ferae
1096 483 1277 561 bestiae,‘res
1291 503 1349 561 pro
1364 481 1478 547 dereli-

264 595 333 653 err;
348 577 396 637 sin
417 575 472 635 iile
495 574 582 636 locus
599 590 685 635 meus
700 591 787 635 socer
800 584 847 634 est
895 575 953 636 cris
972 572 1103 650 habite,
1116 591 1247 654 gemmae
1264 588 1297 635 et
1313 573 1416 652 lapilli
1430 576 1481 636 in-

263 668 314 727 vei
346 663 533 744 religiosus,
560 680 629 722 non
656 662 736 724 alias
759 678 848 724 meus
897 666 983 724 venti
1000 665 1033 725 in
1046 659 1208 726 litoribus?
1224 662 1390 745 Nimirum
1406 666 1480 739 quit

261 755 339 832 erit,
359 754 497 828 quamsi
515 751 651 813 fortune
665 751 755 824 qnasi
772 766 847 810 mu·
896 752 960 813 iliae
974 770 1055 817 verae
1073 752 1193 814 nuliius
1206 764 1299 815 sunt:
1314 751 1480 817 thesaurus

262 862 337 905 nere
363 842 439 903 mihi
462 841 588 904 oblatus
610 835 730 916 fuerit,
759 837 850 899 nollo
899 844 1170 918 nonest3quippe
1183 859 1482 918 quemnemoeoa·
1537 864 1539 869 ⁴

261 928 406 1017 adhibito
414 925 851 1007 perscrutandistudimquod
898 930 984 993 nimo
998 928 1176 1006 abscondit,
1193 943 1227 994 nt
1240 949 1313 993 eum
1325 932 1361 992 in
1374 950 1482 995 nnme-

165 1084 168 1091 .
264 1019 477 1104 proculdubio
493 1019 566 1081 ideo
583 1021 716 1096 placuit,
731 1036 771 1078 ne
788 1016 851 1079 de-'
881 1044 886 1065 t

265 1126 318 1174 tur
340 1111 466 1172 occasio
496 1104 718 1170 violandorum
741 1107 851 1184 sepni-

261 1200 429 1276 chrotum,
444 1209 476 1261 et
492 1194 656 1275 aperiendi
673 1212 768 1265 urnas
788 1194 851 1260 de-

271 1288 464 1354 functorum.

312 1400 333 1462 7
379 1375 439 1465 (Ar
455 1375 484 1438 si
500 1374 570 1461 quir
586 1368 619 1437 in
637 1370 759 1461 alieno).
777 1375 852 1439 Cae·

267 1485 341 1534 terae
355 1487 417 1545 res,
430 1487 502 1543 quae
517 1467 637 1529 nuliius
650 1481 742 1543 sunt,
754 1484 853 1529 occu·
867 1518 880 1535 ,

266 1562 411 1639 panrium
423 1554 523 1633 fiunt,
538 1557 671 1617 etiamsi
686 1557 758 1616 data
775 1572 852 1633 ope·

268 1666 302 1708 ta
317 1650 352 1708 in
367 1648 473 1707 alieno
494 1646 625 1716 qnaesita
647 1645 728 1718 sint,
752 1659 787 1706 ut
810 1640 852 1705 de

265 1733 340 1797 ieris
356 1733 462 1795 bestiis
474 1733 508 1792 in
522 1730 624 1792 fundo
638 1732 742 1792 alieno
754 1733 851 1793 inve-

266 1809 389 1906 ¹stigatis
401 1833 434 1889 et
444 1821 544 1898 captis
553 1818 709 1896 diximum
723 1820 852 1883 mesau-
883 1848 886 1856 ·

266 1932 320 1979 rus
337 1915 371 1975 in
383 1912 489 1976 alieno
501 1912 650 1986 qnaesims
661 1911 852 1972 etinventus

230 2005 233 2010 ’
267 2023 309 2066 ne
323 2023 381 2083 pro
394 2015 482 2081 parte
502 1999 631 2076 quidem
647 1996 681 2062 fit
700 2003 852 2062 invento-

269 2096 329 2170 ris,
346 2091 400 2155 sed
419 2106 505 2154 totus
532 2089 662 2152 domino
684 2087 773 2151 reddi
793 2087 853 2167 ju-

269 2183 377 2254 betur,
394 2177 463 2265 d).
478 2198 528 2239 tm.
543 2177 580 2237 de
595 2179 673 2240 ther.
690 2178 787 2239 Ratio
802 2175 853 2238 di·

268 2271 351 2329 versi
361 2264 441 2345 jutis
461 2265 526 2327 haec
542 2280 610 2328 est:
627 2264 712 2339 quod
728 2267 783 2339 qni
801 2264 853 2324 ie-

900 1035 935 1079 ro
945 1036 1049 1083 tetum
1059 1037 1187 1082 suarum
1198 1037 1264 1081 esse
1277 1020 1371 1102 nolit,
1382 1021 1434 1081 sed
1446 1032 1481 1084 nt

899 1110 1009 1168 tutiori
1024 1111 1095 1170 ioco
1109 1108 1285 1185 custodiam
1299 1121 1425 1170 tantum
1438 1108 1482 1172 id·

899 1214 938 1257 eo
951 1198 1072 1260 nullius
1082 1215 1149 1259 esse
1164 1196 1295 1274 dicitur,
1307 1199 1382 1272 quia
1395 1195 1480 1279 cnjus

899 1286 940 1347 sit
960 1304 1024 1347 non
1040 1301 1192 1365 apparet:
1215 1306 1288 1349 nem
1305 1283 1362 1349 ersi
1375 1286 1481 1350 domi-

902 1393 979 1438 nnm
994 1395 1047 1453 per
1069 1394 1172 1438 rerum
1193 1391 1336 1438 naturam
1356 1375 1482 1454 habear,

900 1463 1059 1529 haeredem
1084 1466 1202 1526 scilicet
1226 1461 1316 1545 ejus,
1337 1466 1393 1538 qui
1409 1485 1481 1529 eum

900 1551 1037 1636 defodit,
1050 1555 1258 1635 quamvisper
1270 1555 1482 1634 longissimam

900 1645 1128 1704 successionem
1150 1645 1251 1720 ptimo
1266 1643 1400 1705 domino
1414 1663 1483 1706 suc·

898 1730 1081 1806 cedentem
1097 1724 1273 1810 ‘npud‘nos
1298 1732 1403 1793 temen
1422 1751 1483 1795 non

901 1818 1006 1898 tebet,
1017 1824 1093 1896 quie
1106 1822 1125 1884 i
1140 1822 1229 1882 nobis
1242 1819 1386 1882 dominus
1393 1823 1484 1902 igno·

901 1924 1011 1974 retur:
1038 1909 1080 1971 ob
1109 1930 1207 1986 quam
1231 1909 1485 1973 incertitudinem

901 1999 980 2063 itum
995 2015 1041 2060 est
1056 1997 1097 2062 ad
1115 2001 1196 2063 hanc
1213 1999 1432 2077 partitionem,
1448 2012 1482 2061 nt

901 2108 973 2166 pare
995 2107 1059 2152 nna
1087 2090 1272 2164 inventori,
1291 2106 1362 2166 pets
1386 2088 1482 2150 alters

901 2174 1030 2241 domino
1047 2179 1108 2240 loci
1126 2174 1375 2257 adjudicaretur,
1388 2176 1483 2239 Tem·

900 2258 1060 2327 etsi'enim
1074 2287 1132 2346 pro
1150 2269 1313 2330 inventore
1329 2264 1393 2327 dici
1410 2281 1486 2342 pot·

239 2372 337 2431 ,tam
364 2356 398 2414 in
428 2354 534 2427 alieno
561 2355 671 2430 capit,
702 2363 758 2413 sut
787 2369 861 2417 rem.
900 2367 984 2430 erat,
1000 2354 1203 2435 thesaurum,
1222 2369 1254 2418 ut
1270 2373 1335 2415 rem
1351 2354 1487 2434 nuliius,

268 2458 348 2525 puta
361 2460 417 2522 pto
432 2438 583 2503 derelicto
597 2438 738 2502 habitem
757 2442 853 2519 tollit,
900 2452 1003 2505 totum
1020 2446 1066 2521 ei,
1082 2449 1138 2522 qui
1162 2449 1301 2520 invenit,
1318 2442 1420 2529 trioni
1444 2463 1485 2504 o-

269 2532 352 2597 nihil
366 2529 467 2594 fondo
478 2543 534 2591 ant
549 2527 642 2592 fundi
652 2527 783 2593 domino
796 2549 853 2590 no·
902 2544 1047 2612 portere,
1068 2552 1231 2614 propterea
1251 2530 1339 2608 qnod
1360 2530 1402 2592 de
1427 2531 1485 2609 his,

168 2687 171 2691 ,
269 2637 336 2700 cett,
352 2622 391 2685 ad
407 2620 590 2683 thesaurum
602 2637 679 2680 veto
694 2621 853 2697 perveniri
901 2641 972 2696 quae
990 2644 1054 2684 non
1070 2640 1240 2704 apparent,
1255 2620 1386 2701 perinde
1398 2617 1486 2701 judi·

193 3380 197 3385 .
277 3331 301 3393 Ι.
318 3354 370 3394 un.

270 2732 336 2776 non
363 2725 462 2790 potest
481 2709 549 2771 sine
574 2706 793 2778 effossionibus
822 2721 853 2772 et
902 2711 1040 2775 candum
1070 2717 1132 2791 sit,
1156 2715 1247 2789 qnasi
1275 2731 1339 2773 non
1371 2724 1486 2793 essent,

271 2801 440 2866 manifesto
459 2797 581 2860 damnov
593 2797 701 2872 fundi,
720 2795 855 2878 incujus
903 2797 926 2861 Ι.
941 2819 995 2879 77.
1024 2800 1061 2860 de
1085 2817 1182 2865 contr.
1210 2811 1301 2882 empt.
1322 2799 1486 2861 dominum

271 2888 616 2957 visceribusthesaurus
631 2883 856 2967 a'bditnsjtscer.⁴
904 2902 1009 2951 temen
1027 2893 1112 2968 ioci,
1134 2907 1166 2955 er
1190 2911 1247 2953 sua
1269 2903 1301 2951 et
1324 2908 1381 2967 pst
1408 2889 1486 2950 ratio

271 2981 387 3043 Aliena
403 2968 516 3043 eutem
529 2974 668 3038 effodere
686 2978 756 3036 sine
780 2996 855 3053 per-
903 2976 1068 3053 defendit,
1085 2981 1140 3052 qni
1155 2998 1265 3042 contts
1280 2978 1341 3041 sibi
1355 2978 1487 3040 thesau-

272 3071 368 3133 missu
392 3065 532 3141 domini,
557 3067 653 3138 inque
669 3065 707 3124 iis
723 3065 856 3127 latentes
904 3082 974 3127 tum
989 3065 1156 3129 vindicans
1172 3068 1280 3131 dicere
1297 3078 1418 3146 potest,
1435 3066 1489 3128 ni·

271 3160 378 3221 rimari
394 3169 491 3235 opes,
516 3155 627 3216 merito
649 3155 802 3229 vetitum,
823 3168 860 3216 et
905 3153 951 3215 hil
964 3172 1029 3217 esse
1050 3158 1268 3232 verisimilius,
1286 3176 1385 3231 quam
1402 3149 1489 3230 quod

231 3254 236 3261 “
273 3256 387 3335 poena,
409 3264 473 3310 non
498 3245 624 3325 ptaemio
649 3241 804 3327 dignum,
824 3241 856 3306 d.
903 3241 1109 3324 timajoribns
1124 3249 1190 3310 suis
1210 3244 1369 3325 proiectus
1382 3247 1442 3307 sitt
1458 3245 1492 3304 io

906 3337 1035 3410 proprio
1050 3337 1152 3412 enim,
1177 3338 1252 3410 quia
1275 3335 1399 3411 torius,
1428 3349 1491 3396 noo

276 3444 281 3453 ·
319 3422 340 3482 8
394 3414 591 3505 (Dimidium
617 3422 735 3487 domino
760 3421 817 3485 soii
830 3418 856 3507 )
904 3423 940 3483 in
954 3424 1059 3486 alieno
1071 3424 1237 3486 thesauros
1250 3421 1357 3485 condi.

271 3504 791 3603 Th'ejentnsinniienniocoeesn
806 3515 860 3573 in·
951 3532 971 3588 9
1018 3515 1040 3550 i‘
1055 3513 1093 3575 In
1117 3514 1272 3590 Hispania
1292 3509 1344 3590 jus
1368 3508 1493 3574 hucus-

274 3595 407 3673 ventur,
423 3594 585 3669 dumosis
599 3614 688 3674 arm,
706 3612 762 3661 ant
777 3599 856 3675 qum
904 3618 999 3673 nque
1011 3604 1147 3664 relrtnm
1162 3602 1203 3663 de
1215 3602 1401 3665 inventione
1414 3601 1492 3663 the·

276 3688 363 3750 eliud
381 3690 468 3746 ineo
489 3687 594 3762 operis
615 3684 713 3768 facit,
728 3708 785 3765 pro
803 3689 858 3750 nix
904 3686 1196 3768 ”santiorobatnm
1209 3701 1335 3765 apparet
1347 3688 1381 3745 in
1393 3683 1417 3746 Ι.
1434 3704 1493 3768 45.

277 3778 377 3840 midio
394 3775 566 3841 inventoris
586 3770 646 3851 fit,
669 3793 738 3850 pars
758 3781 857 3841 sitera
906 3778 989 3839 rrrir.
1008 3781 1059 3842 28.
1077 3778 1115 3839 Ρ.
1137 3801 1165 3856 3.
1181 3777 1335 3840 Caererum
1347 3771 1423 3852 jure
1437 3796 1493 3838 re-

277 3866 462 3931 conceditut
489 3863 619 3925 domino
648 3864 726 3938 soii,
752 3862 861 3946 15⁶3:
907 3862 1491 3943 ›reentiori‚quodesrstini.3,tr’t.2s

277 3959 308 4039 ς.
322 3974 389 4039 pen.
403 3971 433 4014 et
449 3952 506 4016 uit.
523 3954 580 4015 isoc-
590 3954 640 4014 sit.
654 3950 718 4012 ml.
731 3951 811 4013 unior
822 3953 860 4017 0.
908 3953 993 4017 nith.
1010 3976 1056 4023 to.
1072 3953 1152 4014 Nou.
1167 3951 1280 4034 Recnp.
1291 3971 1403 4015 omnes
1414 3952 1496 4017 th'e·

276 4044 317 4104 dt
327 4045 407 4113 rhet,
420 4043 502 4127 5Cor
514 4060 590 4111 ,vero
601 4044 716 4116 inquis,
733 4059 795 4101 non
812 4057 860 4103 to·
908 4048 1023 4108 essuri
1039 4045 1136 4123 Regis
1151 4058 1244 4118 sunt,
1260 4060 1372 4104 eorum
1385 4058 1495 4104 tamen

229 4196 232 4201 ,
278 4143 330 4195 tus
344 4132 427 4199 cedit
443 4135 599 4193 inventori
608 4132 861 4214 ‚mentionem
908 4144 1010 4216 „pars
1024 4132 1309 4207 quanm-inventori
1324 4129 1498 4195 smtdeia·

214 4298 217 4302 .
256 4210 614 4307 *ejusdemg'ene‘tis-res
624 4216 860 4305 incomminu-
907 4222 1000 4289 niori
1014 4220 1169 4305 tribtiiiur
1179 4241 1238 4306 pto
1251 4220 1390 4306 premio.
1400 4218 1495 4290 Licet
