3224 4762
390 187 454 265 De
478 185 586 284 Jrre
607 187 804 281 naturali,
829 200 936 290 gent,
962 202 1004 268 et
1033 196 1172 307 civili.
1308 210 1369 296 ’39

154 329 188 393 la
199 376 208 408 ,
226 340 262 394 et
279 349 330 394 tes
346 329 431 393 bello
450 346 577 407 captas,
593 331 677 414 eirca
692 334 748 394 in·
775 324 777 328 '
797 332 882 407 quod
901 350 954 410 per
971 346 1004 396 te
1019 345 1117 410 atque
1137 351 1178 398 ex
1199 335 1253 403 atti
1273 349 1389 403 uatum

153 433 324 483 'crementa
345 422 512 482 fluminum
531 433 593 483 etc.
610 423 748 485 multum
793 417 911 500 justum
927 437 990 498 estr
1012 426 1142 500 vimque
1157 442 1248 487 auam
1270 443 1391 505 perpe-

158 523 283 574 mutata
313 509 410 572 nodie
433 509 592 570 videmus.
619 508 686 573 Sed
716 527 747 574 et
796 522 854 572 tuo
877 515 1014 575 retinent
1035 514 1070 575 iu
1093 512 1277 594 obligandis
1301 533 1386 579 con·

156 601 255 660 multa
266 617 344 672 :quae
357 596 412 679 jus
426 611 550 663 naturae
567 595 746 680 nonjubet‚
794 601 937 675 scientiis
953 602 1134 680 anticipata
1146 606 1180 663 in
1193 604 1310 667 animis
1321 622 1385 667 no-

70 698 72 703 ·
155 685 211 748 sed
236 688 392 764 permittit
414 693 745 763 rantum-tomorum
792 690 867 752 atris
881 709 1065 755 communes
1089 691 1170 769 illae,
1191 709 1272 764 quas
1295 691 1387 755 dixi-

104 800 109 803 *
155 790 311 839 consensu
330 774 498 859 prohiberi
525 793 678 853 possunt,
694 781 745 839 uti
795 794 877 852 mus,
890 777 1046 853 notiones,
1057 780 1091 840 in
1102 779 1220 854 quibus
1231 778 1384 847 haccon·

152 861 366 928 factum—circa
381 865 486 925 omnia
500 862 653 937 fereque
663 866 744 927 oul-
794 866 1015 938 stantiaatque
1025 869 1265 931 immutabilius
1276 871 1384 947 praeci·

151 949 217 1016 lius
230 967 327 1026 sunt,
343 953 383 1019 de
398 973 467 1029 quo
475 970 535 1014 suo
551 953 623 1013 loco
637 951 744 1016 disse-
791 970 856 1029 pue
871 954 1135 1031 eluceecorarr.
1149 953 1187 1015 de
1199 970 1291 1017 matr.
1299 972 1335 1037 p.
1352 976 1386 1025 a.

149 1058 256 1105 remus
282 1040 424 1107 uberius.
449 1039 536 1105 'Saue
564 1040 661 1103 etiam
685 1040 739 1120 jus
791 1044 893 1122 ceps.
909 1043 940 1120 ‘§.
951 1062 985 1122 9.
996 1063 1080 1106 uum.
1094 1062 1126 1122 7.
1143 1044 1226 1107 belle
1240 1043 1386 1109 Michael

145 1132 296 1210 gentium
319 1128 572 1206 secundarium,
600 1149 738 1207 propor-
789 1127 907 1206 Ephas.
921 1130 963 1194 ad
982 1151 1011 1206 5.
1027 1129 1135 1197 Erite.
1152 1132 1315 1211 Exemplis
1333 1151 1384 1199 res

145 1220 237 1285 lione
256 1219 428 1299 troadam,
443 1218 643 1284 immutabile
672 1217 739 1284 dici
767 1267 772 1274 .
789 1212 845 1280 fiet
858 1220 1024 1284 illustrior.
1034 1223 1101 1291 Ler
1109 1237 1235 1287 naturae
1245 1224 1288 1284 ita
1302 1241 1387 1302 pra·

148 1321 268 1385 potest,
278 1326 312 1374 ‘et
325 1310 439 1385 utique
451 1310 561 1375 multo.
572 1303 740 1387 difficilius
785 1306 913 1370 scribit:
931 1306 1031 1368 Deum
1056 1308 1144 1369 colito
1159 1329 1170 1375 r
1185 1308 1295 1370 Liberi
1315 1327 1384 1394 po.

150 1397 295 1473 tollitur,
313 1418 411 1473 quem
423 1392 475 1476 jus
490 1396 597 1458 civile.
784 1394 899 1454 *tartari
907 1393 1149 1477 parrisrubjerri
1159 1414 1267 1461 suerro:
1282 1395 1383 1462 Pacta

193 1505 214 1564 3
258 1482 580 1573 1(Ιηιιιιιιιιιῐιιῖιῖιι).]ιιε
589 1484 737 1548 naturale
783 1496 1085 1559 >conventrensem
1105 1485 1182 1548 Hac
1199 1496 1274 1546 sunt
1291 1503 1383 1548 aerer·

146 1591 270 1653 semper
293 1587 324 1636 et
347 1575 470 1649 ubique
494 1570 615 1652 justum
634 1585 686 1634 est
701 1586 737 1636 et
783 1588 838 1634 nae
849 1571 931 1654 legis
945 1586 1097 1652 perpetua
1108 1571 1252 1650 decreta,
1265 1587 1296 1635 et
1310 1591 1382 1648 quas

145 1661 231 1740 fuit3
248 1682 306 1743 uec
318 1661 407 1725 aliud
420 1663 490 1738 hic,
507 1660 595 1724 aliud
613 1661 735 1739 Roma,
782 1661 876 1725 ‘nullo
884 1659 1221 1743 jureeiviliabrogari
1237 1675 1383 1741 posattnt.

51 1792 54 1799 ,
145 1750 237 1833 allud
266 1752 421 1829 Athenis,
443 1749 539 1813 aliud
564 1770 650 1814 nunc
671 1766 733 1828 est,
829 1767 852 1827 4
895 1751 941 1813 At
956 1753 992 1813 in
1005 1750 1103 1813 modo
1118 1749 1381 1829 applicandi,da

143 1839 234 1903 aliud
252 1841 381 1920 posthac
396 1843 470 1902 erit.
486 1837 575 1902 Nam
594 1856 632 1902 ut
646 1857 733 1902 recta
776 1856 848 1913 uuo
865 1839 916 1903 lex
932 1852 1058 1906 naturae
1070 1840 1155 1902 nihil
1170 1837 1299 1923 definit,
1314 1857 1378 1902 ua-

143 1931 334 1993 ratioinsita
350 1932 496 1992 {enatura
507 1930 547 1991 et'
561 1927 677 1990 diffusa
696 1929 741 2009 in
779 1927 885 1988 rietes
897 1930 1004 2002 aliqua
1021 1946 1152 2006 apparet
1169 1945 1296 2005 propter
1313 1945 1378 1989 va-

140 2036 252 2079 omnes
265 2031 412 2081 constans
424 2026 471 2080 est
487 2030 518 2079 et
529 2016 734 2094 sempiterna,
779 2013 927 2076 rietatem
940 2016 1377 2093 constitutionumcivilium,

140 2107 188 2168 ita
206 2122 237 2167 et
257 2106 344 2181 quod
361 2117 401 2171 'ea
417 2102 589 2184 praescribit
610 2122 740 2182 semper,
777 2104 1023 2177 utscilicetlroc
1039 2097 1088 2166 vei
1102 2102 1158 2165 illo
1168 2103 1233 2166 ritu
1244 2117 1379 2179 externo

140 2211 238 2269 atque
254 2213 293 2257 ex
308 2214 340 2257 se
356 2194 475 2277 justum
492 2206 647 2267 astatque
665 2196 731 2257 ime
780 2189 927 2253 adhibito
940 2194 1030 2256 Deus
1050 2194 1193 2255 colatur:
1217 2207 1253 2261 ut
1269 2193 1374 2271 patti-

132 2282 541 2367 ,lttottaler‘Quamobtem
561 2300 626 2344 nec
641 2280 730 2356 quod
779 2277 838 2341 bus
849 2283 881 2342 in
893 2280 1011 2345 liberos
1022 2283 1077 2344 vel
1086 2280 1213 2357 eadem,
1224 2300 1298 2358 quae
1312 2279 1378 2343 do·

143 2370 205 2435 hoc
217 2371 289 2452 jure
309 2374 521 2451 prohibetur,
530 2368 638 2453 juberi
655 2374 733 2448 pot-s
777 2370 874 2433 minis
886 2373 923 2433 in
938 2389 1073 2448 servos,
1097 2382 1239 2450 potestas
1259 2372 1317 2448 ait,
1340 2381 1375 2435 et

144 2476 283 2536 estmoe
294 2460 385 2538 quod
397 2458 731 2544 jubetur,vetari,ut
774 2457 1373 2543 uuodmnqueperliliumaceuititur‚

143 2563 228 2615 tecte
253 2547 345 2614 Grot.
366 2549 533 2617 1,.manud.
552 2568 581 2611 2.
600 2562 632 2611 et
644 2567 730 2611 rcort-
780 2546 815 2608 id
826 2552 1009 2624 acquiratur
1019 2551 1113 2626 patri:
1128 2548 1181 2609 vel
1192 2562 1229 2609 ut
1235 2545 1290 2626 jus
1302 2563 1370 2606 tan·

143 2642 310 2701 venienter
331 2639 361 2700 ei
381 2637 468 2714 quod
497 2638 604 2700 scribit
620 2636 731 2715 Juris-
774 2645 847 2697 tum
874 2653 961 2715 pater
986 2636 1102 2697 ‘habeat
1120 2633 1224 2694 filium
1250 2631 1373 2694 modice

143 2728 333 2789 consultio
349 2726 371 2788 l.
392 2730 428 2788 6.
451 2725 488 2784 de
507 2729 590 2805 just.
618 2718 649 2797 er
660 2728 734 2804 jur.
781 2734 812 2782 et
828 2722 908 2795 sine.
921 2723 1093 2783 acerbitate
1114 2717 1320 2801 castigandi,
1340 2732 1375 2783 et

60 2877 62 2881 .
125 2849 128 2854 ·
140 2811 317 2896 jus.civile
335 2813 369 2873 in
386 2826 480 2874 totam
494 2812 515 2871 d
526 2816 603 2891 jure
616 2824 735 2871 nature
779 2825 999 2884 contumacem
1014 2807 1193 2885 expellendi
1208 2806 1379 2881 domotut,

49 2901 52 2905 ’
143 2899 288 2965 recedere
299 2921 358 2962 oon
369 2898 489 2961 dedere.
502 2900 578 2961 Nec
589 2912 636 2959 est
651 2916 734 2960 con-
779 2912 872 2973 'pacta
886 2901 984 2960 etiam
997 2895 1083 2961 nuda
1094 2894 1269 2962 efficaciter
1282 2896 1370 2963 obli·

82 3020 91 3045 x
144 2985 734 3069 trariumquod‘Jurisconault'addit¹
778 2994 1043 3065 gennem-eam
1061 2989 1127 3050 vim
1152 2999 1279 3050 tantum
1304 2986 1369 3050 ha·

137 3075 192 3160 jus
207 3081 301 3140 civile
315 3099 373 3143 non
385 3095 444 3160 per
465 3076 564 3137 :omnia
576 3074 651 3160 juri
668 3095 732 3136 ¹aa·
781 3073 876 3137 beant
900 3079 1030 3152 vestita,
1052 3093 1087 3138 ut
1103 3076 1205 3157 vulgo
1220 3079 1366 3151 loquun-

144 3166 243 3228 turali
264 3167 407 3248 seruire,
422 3164 482 3226 sed
499 3165 678 3248 plerumque
700 3164 731 3225 ei
777 3172 844 3225 tur.
856 3165 941 3242 Hoc,
953 3168 1108 3248 inquam,
1121 3163 1206 3223 facto
1219 3182 1283 3223 non
1298 3181 1369 3226 mu·

144 3254 259 3318 addere
292 3253 412 3337 adquiri
428 3297 442 3332 ,
475 3269 531 3315 ¹em
555 3251 730 3315 detrahere.
775 3252 929 3332 taturjus
943 3254 1102 3327 naturale,
1117 3248 1171 3312 sed
1185 3249 1367 3331 adjuvatur,

141 3343 227 3406 Nam
240 3346 299 3407 illa
309 3344 500 3406 additioaut
512 3342 665 3419 detractio
678 3343 731 3415 nis
777 3336 858 3401 vdum
884 3353 1012 3419 vpropter
1049 3340 1216 3403 utilitatem
1247 3342 1368 3405 civium

144 3432 191 3494 lril
208 3432 301 3495 aliud
319 3451 386 3507 test,
409 3437 505 3506 q‘uam
529 3431 729 3513 generalium
779 3423 859 3512 (quo
869 3427 1079 3512 Legislatotes
1093 3448 1199 3493 omnes
1210 3445 1366 3509 spectant,

142 3517 222 3600 juris
259 3534 382 3584 natura
424 3536 648 3597 praeceptorum
686 3517 729 3579 ad
773 3520 901 3580 tametsi
918 3540 980 3581 non
1002 3517 1087 3584 idem
1103 3537 1224 3597 semper
1240 3516 1366 3581 consti-

141 3627 234 3673 usum
242 3600 407 3684 moresque
418 3609 536 3671 civium
548 3622 580 3670 et
594 3607 729 3670 formam
774 3603 890 3693 tuant')
904 3605 1024 3684 aliquid
1039 3610 1068 3670 ei
1084 3605 1250 3688 adjiciturr
1268 3616 1323 3669 aut
1337 3604 1367 3665 si

143 3692 294 3778 Reipubl.
321 3699 478 3776 ‘specialis‘
498 3717 570 3760 cum
599 3695 729 3759 delectu
778 3698 877 3758 mavis
885 3741 895 3773 ‚
911 3696 1105 3770 detrahitur,
1120 3708 1263 3773 respectu
1274 3692 1364 3759 scili-

84 3805 94 3819 ·
142 3786 401 3851 accommodatio.
411 3784 511 3868 Quod
526 3786 670 3860 quamvis
681 3799 733 3845 vtt-
775 3799 827 3844 oet
840 3788 988 3862 ptaecepti
1002 3780 1167 3865 generalis.
1180 3781 1287 3854 Atque
1303 3782 1365 3846 hoc

144 3877 201 3937 riis
217 3877 252 3936 in
269 3878 345 3939 locis
363 3872 574 3937 diversimode
591 3870 662 3949 fiat,
675 3885 742 3947 at·¹
778 3886 848 3950 est,
862 3871 950 3947 quod
966 3873 1041 3935 DD.
1061 3870 1157 3931 nostri
1178 3866 1290 3951 ajunt,
1311 3868 1367 3947 jus

147 3979 212 4035 que
229 3964 321 4022 etiam
346 3967 379 4023 in
403 3960 594 4041 applicando
610 3979 732 4026 naturae
781 3961 925 4023 naturale
939 3957 1128 4038 modificari,
1145 3953 1316 4039 declarari,
1338 3968 1370 4018 et

143 4045 215 4128 jura
227 4049 345 4113 inflecti
355 4049 732 4123 quodammodovidean-
776 4044 1007 4133 provisionibus
1036 4045 1370 4129 adjuvaripossersic
1413 4097 1417 4106 .

149 4150 219 4214 tut;
233 4137 430 4200 immutabile
443 4154 546 4227 tamen
562 4151 736 4220 permanet,
784 4140 869 4202 enim
880 4138 967 4214 loqui
977 4148 1094 4197 amant.
1108 4134 1128 4217 J
1131 4154 1160 4198 ο.
1174 4128 1253 4197 Fab.
1266 4134 1366 4197 etalii

990 4224 1108 4317 3²⁷

558 4396 573 4455 l
