3188 4760
540 197 603 298 De
623 191 834 296 fiduciaria
855 197 994 276 tutela.
1289 190 1364 295 ·14'1

122 337 187 404 sed
206 340 308 405 etism
329 341 395 422 ipre
417 351 506 420 puter
529 339 587 405 tilii
605 341 647 405 ab
662 354 722 406 uro
771 343 890 404 sionem
906 340 1097 420 emrncipsti
1114 380 1126 419 ,
1143 333 1251 402 filium
1264 356 1382 404 eursu-

129 431 353 509 emuncipoti,
375 416 425 595 ec)
435 448 576 506 mortuo,
589 451 657 493 non
673 434 725 493 le·
773 433 923 511 cipetoris
951 449 1015 495 nun
1055 436 1171 496 vocet.

130 520 267 599 gitimus
290 532 406 599 uteru
430 565 440 599 ,
463 520 518 583 sed
539 518 726 586 fiduciosius
793 562 796 567 -
831 538 845 597 ς
895 521 1009 584 Alters
1031 517 1229 585 discriminis
1246 517 1386 587 retice:

131 620 224 675 tutor
246 610 334 671 erite
354 626 465 674 contra
489 628 585 685 quum
601 610 739 674 tiorum·
782 628 822 672 eo
847 611 1009 688 sumitur,
1030 607 1120 685 quod
1142 608 1222 671 siin
1240 606 1385 675 mundo

129 709 163 758 et
185 695 302 776 Myns.
326 700 524 763 existimant,
535 699 604 763 Cur
626 717 733 766 sutem
788 701 938 777 exemplo
950 697 1056 763 Titius
1070 696 1386 763 manumissusdce·

131 801 174 846 ne
193 784 249 848 hic
260 787 397 861 quidem
410 788 572 869 legitimus
585 787 629 852 sit
639 809 739 868 ,mox
786 785 822 866 jo
862 806 926 853 non
966 786 1103 864 luisset,
1133 788 1166 845 in
1201 798 1390 860 potestatem
1483 854 1487 867 ‚

133 866 358 956 intelligetur.
602 900 617 937 n
703 922 710 935 .
732 930 735 935 ,
791 873 974 953 Sempronii
988 873 1060 956 jure
1081 872 1280 937 hereditario
1298 876 1387 943 reri-1·

186 980 205 1040 3
257 963 308 1027 Ut
332 976 440 1028 autern
467 964 529 1029 hoc
557 968 591 1027 in
614 966 741 1030 clariori
790 963 898 1027 disset.
924 963 1022 1047 Quod
1049 964 1165 1025 iterum
1191 960 1383 1027 dissimiliter

136 1050 215 1114 luce
244 1051 437 1131 collocetur,
453 1069 484 1117 et
508 1058 550 1119 sb
574 1058 746 1135 oppositis,
763 1054 976 1135 *contigisset
992 1055 1026 1114 in
1048 1071 1075 1114 r.
1094 1052 1131 1113 in
1145 1053 1384 1127 cumensem·

137 1159 216 1215 quae
233 1144 341 1203 statim
356 1158 525 1222 apparent,
543 1144 740 1223 vindicetur,
790 1145 922 1219 parione
950 1145 1089 1218 omissa,
1117 1136 1247 1202 deberet
1274 1142 1387 1216 utique

136 1229 249 1306 placet
264 1248 373 1294 casum
394 1229 517 1319 lingere
535 1278 543 1311 ,
566 1233 655 1310 quod
670 1232 752 1313 ¹Cu·u
769 1240 778 1261 ¹
791 1229 902 1295 Titius
915 1232 1055 1295 recidere
1062 1230 1096 1295 itt
1106 1242 1291 1309 potestprem
1303 1227 1389 1292 Sem·

134 1314 189 1396 jus
203 1320 248 1380 sit
261 1333 359 1399 avus,
371 1320 578 1399 Sempronius
592 1319 696 1403 iilius,
709 1314 756 1385 et'
790 1321 909 1398 pronti,
923 1339 988 1381 non
1002 1334 1108 1383 temen
1124 1316 1323 1380 haeredirario
1332 1314 1388 1397 ju·

140 1404 257 1471 Titius
282 1427 381 1487 nepos
401 1412 560 1485 simulque
587 1411 743 1488 impubes.
793 1425 846 1484 te,
862 1407 919 1470 sed
934 1413 1063 1487 proprio
1078 1409 1179 1483 ipsius
1194 1404 1388 1483 Sempronii5

28 1530 32 1537 ·
142 1492 180 1556 Si
210 1493 314 1576 Cajus
344 1490 590 1576 emancipaverit
619 1494 743 1563 Titium
771 1496 911 1577 'quippe
933 1498 990 1572 qui
1014 1493 1385 1560 erhaeredsruseundeur

141 1595 300 1662 nepotem
313 1607 427 1664 suum,
442 1588 528 1650 iliius
544 1587 673 1653 habebit
687 1604 741 1667 tu·¹
792 1600 978 1664 potestatem
1013 1585 1153 1650 haberet.
1181 1581 1277 1645 Nihil
1306 1601 1386 1665 ergo

144 1675 246 1735 telam
264 1674 458 1756 legitimam,
480 1696 550 1751 quae
573 1694 740 1757 parentum
789 1678 905 1738 mirum
932 1673 1156 1755 Sempronium
1179 1675 1213 1733 in
1236 1672 1385 1751 exemplo

141 1760 742 1846 dicitur,ipsiqueemauciputoricom·
790 1765 933 1853 secundo
965 1779 1078 1846 utpote
1106 1764 1305 1839 limiensem
1331 1762 1385 1841 jus

61 1922 66 1932 ι
141 1851 250 1932 petit,
277 1856 439 1918 nonulli.
467 1844 530 1917 Sed
560 1854 598 1917 si·
614 1869 741 1920 mortuo
792 1866 980 1931 patronatus
1003 1851 1137 1933 scaje,
1162 1852 1191 1911 ei
1214 1850 1388 1913 'succedere

88 1962 91 1970 ·
145 1936 260 2019 Cejo,
284 1946 494 2019 supervixerit
525 1943 744 2023 Sempronius,
792 1941 826 2001 in
844 1943 959 2003 eodem
984 1947 1091 2004 tutelae
1106 1957 1246 2020 genere,
1262 1957 1329 1999 non
1345 1939 1392 2002 ita

128 2045 213 2088 ¹non
231 2031 294 2090 erit
318 2030 370 2091 hic
384 2044 472 2103 tutor
492 2032 656 2112 legitimus
678 2032 745 2093 Ti·
794 2029 827 2088 in
845 2032 949 2107 ptimo
961 2028 1003 2091 ob
1015 2028 1209 2094 contrariam
1223 2029 1391 2089 tationem.

144 2115 212 2193 tii,
230 2130 269 2215 ut
285 2118 389 2201 fuerat
404 2115 521 2203 Cujus,
537 2118 590 2181 sed
610 2118 744 2185 fiducia·
796 2117 906 2192 Atque
923 2116 995 2181 haeo
1006 2120 1088 2181 tutio
1108 2117 1154 2177 ita
1168 2115 1232 2177 lure
1247 2116 1390 2192 suposita

144 2204 216 2268 tius
227 2212 452 2288 tantum,quia
467 2212 534 2288 ipse
543 2208 664 2273 Titium
677 2229 742 2274 non
793 2227 863 2269 eam
887 2208 1045 2288 complet,
1067 2223 1162 2286 quum
1178 2202 1390 2285 dumnissum

144 2299 396 2377 emancipatiti·
449 2323 492 2343 w
616 2310 623 2327 ⁸
791 2293 1166 2378 indicatperillrserm
1182 2290 1390 2375 Quoniamfi-

132 2412 157 2424 κ
192 2404 218 2463 4
267 2389 312 2450 At
323 2390 351 2465 si.
363 2404 501 2454 mutetur
517 2404 674 2469 casus,ut
685 2390 744 2452 'li-⁴
791 2380 928 2452 iiur‘ecr.
1186 2412 1191 2419 ¹
1263 2414 1266 2419 ·
1319 2392 1322 2398 '
1380 2456 1384 2461 ‚

146 2474 214 2556 tius
241 2494 308 2538 non
329 2480 370 2540 sit
391 2499 489 2558 nepos
510 2477 600 2559 Csji,
627 2479 681 2543 sed
692 2482 744 2541 li·
840 2481 861 2538 6
910 2478 1010 2541 Recte
1024 2473 1389 2553 sute'mlrirluterpretes

148 2559 260 2627 bertus
291 2565 395 2629 abeo
424 2571 656 2644 manumissus,
683 2570 745 2630 erit
794 2579 927 2643 notant,
943 2565 1239 2627 hancfiduciuriam
1254 2563 1388 2623 turelsrn

148 2663 230 2714 tunc
247 2652 356 2717 Titius
375 2658 409 2716 in
428 2656 500 2735 Caji
515 2658 617 2719 tureis
635 2657 746 2736 legiri-
795 2654 926 2713 omnino
953 2669 1088 2751 cessasse
1108 2650 1180 2729 jure
1202 2649 1386 2725 novissimo,

150 2757 223 2815 ma,
242 2760 314 2814 quae
330 2757 534 2819 patronorum
551 2744 746 2819 appellatur,
797 2752 965 2814 postquam
973 2741 1055 2818 juris
1071 2737 1211 2819 agnerici
1223 2752 1254 2798 et
1267 2754 1388 2817 cogno·

147 2826 353 2902 eundemque
374 2831 482 2892 tutelae
504 2832 641 2908 speciem
657 2829 747 2890 obti-
797 2827 851 2889 tici
874 2826 1042 2890 discrimen
1055 2826 1120 2891 isac
1136 2828 1170 2886 in
1188 2826 1280 2904 puste'
1293 2826 1387 2904 peni*

150 2913 246 2977 nebit
256 2914 470 2997 Sempronius,
484 2921 638 2982 moriente
651 2916 746 2998 eajo.
795 2926 847 2979 tus
860 2919 988 2981 sustulit
1001 2917 1204 2997 Jusrinianus
1219 2934 1289 2977 noo.
1308 2914 1385 2978 118.

149 3001 360 3077 Diversitatis
379 3022 484 3071 autem
509 3010 607 3086 tutio,
621 3018 687 3072 'cur
708 3008 744 3069 in
792 3020 862 3089 cup.
875 3026 908 3086 4.
925 3022 957 3070 et
972 3026 1003 3087 5.
1018 3010 1094 3084 quia
1111 3007 1185 3071 licet
1198 3007 1385 3083 emancipe·

151 3109 183 3155 s.
204 3099 352 3174 exemplo
369 3097 572 3176 Sempronius
588 3100 628 3160 sit
644 3099 741 3162 etiam
792 3096 846 3159 tio,
854 3101 1060 3181 agnationem
1076 3096 1192 3172 tollat,
1213 3097 1385 3177 cognatio-

152 3188 242 3247 tutor
256 3186 418 3267 legitimus
430 3186 528 3263 Titii,
541 3201 578 3248 ut
594 3202 660 3249 erar
673 3186 742 3250 Ca-
791 3204 864 3250 nem
890 3206 953 3248 norr
978 3186 1080 3263 laedit,
1103 3189 1132 3262 ς.
1156 3183 1214 3244 uir.
1240 3183 1321 3250 inst.
1337 3182 1382 3265 ⁴de

151 3266 300 3350 jus,*non
318 3294 393 3338 vero
408 3277 442 3337 in
462 3295 489 3337 1.
503 3274 621 3353 duplex
636 3275 742 3338 afferri
792 3274 857 3359 leg.
872 3280 952 3359 'agri
974 3286 1036 3339 tut.
1064 3267 1171 3350 sicque
1192 3278 1384 3356 emancipati

157 3375 268 3436 potest.
293 3365 397 3429 Prima
416 3363 588 3446 videlicet,
614 3367 689 3440 quia
703 3361 744 3425 ad
794 3363 893 3427 frater
908 3366 968 3427 erit
986 3378 1022 3428 ut
1039 3378 1209 3449 cognatus,
1224 3368 1386 3453 legitimus

153 3448 329 3532 legitimum
337 3450 564 3518 successionem
574 3455 684 3519 libeni,
693 3453 745 3514 lex
770 3448 884 3519 ‘illius
899 3468 995 3522 tutor.
1089 3508 1091 3515 t
1286 3450 1292 3461 “
1388 3479 1392 3487 ’

124 3593 130 3599 .
156 3537 327 3604 thTalr
351 3558 446 3606 voest
459 3545 554 3603 etiam
569 3546 693 3621 patroni
707 3537 747 3601 fi·
835 3563 855 3626 7
894 3543 1056 3631 (Perfecta
1066 3546 1193 3634 uraris).
1205 3546 1385 3612 Perfectum

156 3628 261 3716 lium,
287 3633 392 3708 qualis
415 3643 463 3695 est
489 3630 695 3710 Sempronius
711 3633 746 3692 in
795 3646 919 3698 atatem
938 3655 1006 3700 eum
1026 3653 1136 3715 voest,
1155 3657 1218 3711 qua
1237 3640 1382 3715 comple·

161 3720 302 3784 secundo
331 3723 500 3801 exemplo,
530 3738 594 3795 qua
624 3723 745 3782 ratione
794 3728 1081 3809 turvirilisvigor,
1098 3745 1209 3805 nempe
1223 3743 1380 3790 annorum

159 3806 197 3866 ad
215 3816 346 3874 tutelam
361 3826 489 3886 quoque
503 3824 634 3872 vocatus
648 3811 744 3872 intel·
791 3815 932 3892 quinque
952 3832 983 3877 et
1009 3816 1148 3900 uiginti,
1170 3814 1232 3899 leg.
1255 3835 1281 3875 1.
1299 3815 1327 3894 §.
1346 3830 1376 3873 2.

113 3917 117 3924 ·
162 3893 282 3973 ligitur.
292 3899 480 3978 Oppositum
495 3901 601 3963 evenit
613 3900 647 3963 in
663 3903 744 3978 prio·
790 3902 827 3965 de
843 3899 1025 3987 minor.(1).·
1146 3958 1151 3967 ,
1373 3927 1377 3931 ·

158 3982 740 4067 tiex'emplo,·cum-lsrrutisucces·
835 3995 854 4054 8
900 3991 970 4054 “In
994 3992 1148 4071 Hispania
1175 4006 1247 4055 eum
1266 3986 1315 4052 iere
1340 3980 1379 4076 9·

173 4156 239 4250 sir.)
254 4122 344 4236 „Dii
362 4180 410 4225 ru.
423 4162 472 4223 rit.
488 4164 628 4237 ram.
640 4162 735 4249 inrisu.
