3188 4760
614 197 677 274 De
704 197 882 300 Nuptiis.
1290 224 1365 302 93·

152 354 271 429 gnatus
283 345 394 410 marito
401 361 464 422 ,eo
472 339 576 423 gradu
589 358 656 404 esse
670 339 738 403 alli·
786 346 815 422 §.
828 339 885 404 ult.
906 339 960 403 hoc
972 338 1026 405 tit.
1042 338 1064 405 i.
1085 340 1204 407 nemini
1223 364 1273 427 17·
1288 342 1323 408 C.
1340 367 1389 409 eu-

155 455 230 498 uem
247 437 336 498 uxori
351 452 381 497 er
394 434 484 509 quasi
497 447 694 518 cognatum,
706 444 742 496 et
789 429 857 493 dem
871 431 958 507 quod
984 447 1014 495 et
1042 428 1063 508 J
1067 434 1256 497 ustinianus
1274 433 1328 496 hoc
1354 448 1385 497 et

161 543 280 588 contra.
738 562 742 569 -
792 522 901 605 seq.§.
918 520 1032 599 docet,
1049 522 1273 600 prohibitionis
1300 524 1384 588 hanc
1446 554 1450 561 ·

190 660 193 665 -
202 633 219 692 3
267 614 421 677 Nascitur
432 611 572 677 affinitas
586 632 626 676 ex
644 612 746 678 unio-
795 613 949 675 rationem
967 611 1118 691 afferens,
1143 611 1230 688 quod
1249 616 1390 678 invicem

156 704 197 763 ne
222 704 283 764 viri
300 718 331 768 et
348 706 479 780 uxoris,
500 707 555 778 qui
578 723 651 766 cum
675 721 746 765 ma·
796 714 963 780 parentum
979 716 1010 765 et
1026 702 1197 765 liberorum
1212 705 1283 766 loco
1296 717 1386 770 sunt:

154 793 306 854 trimonio
318 790 425 873 juncti
441 810 542 854 unum
566 789 668 868 fiant,
687 810 749 854 nc·
798 792 851 853 cul
876 790 1011 869 proinde
1033 809 1229 867 consequens
1249 806 1312 871 est,
1328 811 1389 857 nec

73 938 75 942 .
155 900 241 944 cesse
257 896 305 943 est
319 881 452 944 vinculo
465 883 524 942 isto
537 881 632 950 etiam
646 882 753 943 utrin·
804 880 890 940 inter
920 897 1120 958 prosocerum
1149 893 1180 943 et
1208 899 1394 961 pronatum,

160 988 224 1045 que
237 988 315 1033 cum
332 972 370 1031 iis
382 971 527 1033 connecti
543 972 684 1048 ipsorum
698 989 753 1033 co·
802 986 862 1031 nec
879 969 961 1031 inter
978 970 1083 1031 vitrici
1095 982 1215 1048 patrem
1229 984 1261 1031 et
1272 972 1395 1049 propri·

163 1074 301 1139 gnatos,
333 1059 506 1134 eodemque
536 1057 663 1139 gradu,
688 1079 753 1134 quo
782 1059 948 1139 Ιι’ἰςιιιιιι,
964 1073 995 1120 et
1011 1060 1057 1120 sic
1076 1077 1190 1137 porro,
1206 1060 1332 1137 nuptias
1347 1059 1393 1121 ll·

125 1140 129 1145 ’
168 1150 239 1221 quis
267 1164 420 1228 cognatus
445 1163 490 1211 est
519 1151 655 1225 marito,
682 1145 753 1210 fieri
802 1147 882 1209 citas
898 1164 980 1227 esse,
993 1146 1026 1208 d.
1040 1145 1062 1210 l.
1078 1165 1130 1227 14.
1145 1150 1174 1234 s.
1187 1146 1246 1208 ult.
1261 1146 1339 1209 Leo.
1358 1148 1399 1213 st

92 1296 95 1302 .
164 1237 257 1308 uxori
272 1235 401 1300 affinem
418 1253 449 1300 et
465 1240 555 1314 quasi
571 1234 754 1318 cognatum:
798 1232 947 1301 <versas
961 1249 1047 1313 15.et
1059 1233 1179 1323 17.(3).
1190 1234 1296 1312 Atque
1310 1236 1393 1301 hanc

164 1340 249 1387 etex
267 1328 449 1404 contrario,
471 1346 534 1401 quo
558 1325 661 1405 gradu
683 1328 759 1400 quis
805 1326 904 1387 etiam
935 1323 1183 1404 prohibitionem
1211 1341 1399 1405 perpetuant

152 1417 264 1478 'uxori
281 1430 442 1496 cognatus
458 1429 525 1490 est,
551 1413 663 1476 eodem
687 1411 757 1475 fieri
807 1430 874 1474 esse
894 1427 925 1474 et
955 1415 1122 1490 moralem,
1149 1416 1267 1477 evincit
1277 1406 1289 1488 ,“
1309 1416 1400 1478 locut

136 1518 139 1523 ·
168 1500 301 1566 affinem
317 1517 348 1564 et
370 1506 459 1578 quasi
480 1506 758 1590 consanguineum
808 1499 957 1580 Apostoli
989 1521 1017 1564 ι.
1042 1500 1083 1564 ad
1108 1501 1178 1564 Cor.
1206 1521 1236 1579 5.
1256 1499 1312 1564 ubi
1334 1504 1400 1567 tale

169 1593 284 1653 marito
296 1588 365 1678 (1),
381 1593 514 1673 exempli
527 1595 628 1673 gratia
640 1609 653 1652 s
666 1594 698 1664 in
716 1593 756 1653 li·
808 1605 954 1668 stuprum
971 1608 1012 1652 ne
1036 1592 1116 1654 inter
1139 1607 1248 1673 gentes
1270 1591 1401 1665 quidem

169 1699 231 1741 nea
246 1695 329 1742 recta
341 1683 416 1755 quia
430 1702 510 1745 uxor
522 1700 590 1744 mea
605 1700 671 1743 uno
683 1701 758 1763 gra·
808 1679 967 1742 nominari
982 1681 1046 1756 ait,
1060 1695 1096 1743 ut
1112 1672 1184 1756 quis
1197 1699 1327 1743 uxorem
1344 1700 1402 1759 pa·

166 1765 211 1837 du
225 1768 320 1832 distat
332 1771 350 1832 d
362 1785 450 1850 patre
462 1766 584 1849 suo,'ab
597 1789 660 1833 avo
675 1770 760 1832 duo·
808 1771 864 1831 tris
877 1769 1002 1833 habeat.
1017 1769 1058 1832 Et
1071 1768 1118 1834 Μ.
1132 1769 1261 1832 Tullius
1275 1771 1308 1831 in
1321 1782 1402 1836 orat.

168 1856 250 1941 bus,
277 1853 491 1940 egoquo'qrre
516 1860 667 1939 lusorem
690 1874 759 1920 uno
805 1873 865 1942 prs
887 1856 1008 1920 Cineas.
1028 1874 1095 1940 cap.
1118 1861 1151 1919 ό.
1173 1878 1247 1921 curn
1274 1874 1399 1923 socrum

169 1946 273 2024 gradu
284 1949 321 2023 ,d
335 1956 502 2025 prosocero
518 1948 645 2010 duobus
659 1945 760 2011 dista·
809 1963 926 2029 genero
939 1948 1081 2023 nupsisse
1093 1963 1264 2020 narrasset,
1277 1949 1399 2012 subdite

171 2033 232 2094 bo:
249 2033 398 2111 idemque
410 2028 456 2101 'de
477 2039 598 2098 caeteris
620 2052 760 2097 rumas·
810 2031 851 2114 30
867 2032 1005 2094 mulieris
1022 2031 1119 2094 scelus
1141 2031 1337 2110 incredibile,
1360 2048 1393 2097 es

168 2122 399 2202 candentibus,
412 2137 482 2188 tum
495 2122 760 2187 descendentibus
805 2136 921 2206 prater
937 2123 1015 2184 hanc
1036 2141 1126 2186 unam
1140 2120 1204 2202 ,in
1225 2121 1306 2186 omni
1330 2121 1400 2190 vita

172 2211 389 2276 statuendum.
407 2214 444 2276 ln
467 2213 552 2275 linea
581 2230 759 2279 transversa
813 2209 1001 2274 inauditum!
1385 2242 1393 2275 ι

176 2303 254 2374 quia
270 2303 401 2364 maritus
416 2304 434 2364 d
452 2302 622 2365 fratresuo
638 2304 764 2367 duobus
784 2301 787 2307 ’
862 2319 875 2378 ς
920 2296 1234 2389 (Quiautraeqnefiliae
1245 2300 1403 2392 locarunt)

178 2388 331 2468 gradibus
350 2390 464 2468 dIstar,
479 2390 611 2455 totidem
635 2393 765 2456 distabit
814 2391 885 2453 Hac
917 2393 1049 2461 ratione·
1072 2390 1275 2469 Justinianus
1298 2395 1405 2473 docet,

175 2495 258 2542 uuor
274 2481 292 2541 i
308 2482 418 2557 leyiror
438 2479 544 2564 Quod
556 2484 659 2562 ipsum
681 2501 764 2557 quo·
815 2482 897 2541 inter
914 2480 1041 2547 easdem
1057 2502 1204 2560 personas
1227 2482 1406 2563 prohibitas

173 2585 238 2642 que
251 2567 424 2633 dicendum
438 2589 483 2633 est
499 2570 538 2649 de
552 2572 660 2651 glore,
676 2589 764 2631 soro·
814 2587 880 2629 esse
897 2571 1026 2644 nuptias
1054 2588 1180 2649 propter
1203 2570 1405 2647 affinitatem,

174 2658 241 2733 rio,
258 2657 377 2719 fratria.
398 2659 477 2721 Item
501 2662 576 2732 quia
596 2678 675 2720 uxor
692 2677 762 2720 mea
814 2675 910 2729 quarn
922 2656 964 2715 ob
977 2660 1215 2734 cognationem,
1227 2676 1278 2719 eas
1289 2676 1402 2734 nempe

174 2744 195 2806 :l
210 2758 324 2820 patruo
340 2764 400 2805 suo
415 2749 468 2806 vel
483 2740 645 2807 avunculo
663 2745 764 2805 tribus
813 2760 883 2814 quae
902 2754 1091 2823 parentum,
1110 2744 1323 2807 liberorumve
1339 2762 1405 2808 nu·

171 2831 330 2931 gradibus
346 2831 500 2907 dissidet,
525 2850 585 2912 ego
601 2849 729 2905 quoque
746 2832 765 2917 d
815 2846 900 2889 mero
914 2842 999 2906 sunt,
1015 2826 1125 2911 Quare
1141 2851 1212 2906 quae
1228 2832 1270 2895 de
1285 2852 1406 2915 cogna-

175 2921 280 3009 spceri
305 2919 401 2980 fratre
424 2919 476 2982 tel
504 2937 610 2981 sorore
633 2918 764 2982 totidem
813 2918 855 2981 tls
870 2914 953 2979 dicta
971 2917 1124 2995 sunt,de
1140 2920 1291 2986 affinibus
1317 2943 1405 2999 quo-

175 3006 443 3090 gladibusaberm
456 3011 539 3070 etsie
550 3007 710 3091 deinceps(
737 3004 761 3093 )
812 3025 874 3081 que
900 3005 984 3068 dicta
1003 3008 1241 3092 intelligantur.
1258 3015 1353 3074 etlam
1369 3014 1404 3077 in
1441 3008 1442 3011 '

176 3096 353 3160 Videamus
376 3116 461 3160 nunc
489 3100 620 3172 quinam
643 3097 761 3179 gradus
798 3097 894 3159 'linea
910 3098 1134 3174 transversa,l.
1152 3115 1180 3174 ς.
1193 3098 1216 3166 i.
1231 3100 1404 3183 panduli.

176 3183 345 3248 'affinitatis
356 3185 556 3266 prohibiti,er
569 3206 651 3247 anne
663 3185 763 3249 iidem
812 3182 848 3245 C.
874 3184 911 3244 de
927 3184 1036 3245 incest.
1053 3199 1082 3245 et
1103 3186 1181 3249 inus.
1206 3204 1278 3273 nup.
1303 3189 1404 3266 quue

178 3293 309 3353 omnes,
325 3278 380 3349 qui
396 3286 429 3335 et
441 3275 651 3357 cognationis.
813 3273 918 3350 ipsum
941 3285 1092 3358 apparet,
1116 3276 1198 3340 si'in
1218 3279 1404 3343 universum

225 3365 263 3441 4?
303 3364 342 3425 In
360 3361 445 3442 linea
467 3377 550 3428 recta
568 3362 678 3451 eadem
694 3361 765 3444 jure
814 3372 992 3440 spectamus
1006 3380 1151 3445 causam,
1166 3365 1315 3442 obquam
1336 3388 1403 3430 nu.

182 3452 272 3515 civili
284 3451 457 3530 prohibitio
467 3454 501 3514 in
515 3449 684 3528 affinitate,
696 3472 769 3527 quae
793 3456 794 3463 ’
818 3454 893 3532 ptiae
906 3455 987 3516 inter
1000 3449 1112 3521 aflines
1124 3455 1347 3533 prohibentur,
1359 3457 1406 3513 vi·
1511 3496 1515 3505 .

183 3543 221 3603 in
245 3542 447 3622 cognatioqe.
463 3541 573 3616 ltaque
599 3559 658 3603 nec
682 3560 771 3605 socer
818 3542 935 3606 delicet
948 3545 1024 3620 quia
1040 3546 1090 3607 vir
1104 3559 1135 3605 et
1151 3564 1230 3605 uxor
1253 3545 1403 3606 inunum

184 3650 325 3715 nurum,
348 3650 406 3693 nec
427 3649 548 3694 socrum
576 3649 688 3710 genet,
712 3648 770 3694 nec
818 3636 1251 3715 corpuscoaleseentes3non
1269 3632 1405 3711 amplius

185 3721 317 3783 vitricus
330 3721 522 3803 priiignam,
533 3736 590 3780 nec
605 3721 772 3801 privignus
820 3722 886 3789 duo
898 3739 1076 3806 censentur,
1086 3719 1142 3785 sed
1155 3739 1220 3786 una
1232 3737 1307 3786 caro
1319 3715 1370 3807 (4)

169 3826 356 3873 novercam
382 3808 499 3875 ducere
529 3818 646 3890 potest,
667 3807 690 3873 Ι.
720 3827 771 3888 14,
857 3844 860 3849 ·
1339 3830 1343 3837 ⁴
1387 3826 1391 3837 ·

710 4074 712 4077 ’
818 4104 822 4113 1
848 4077 911 4168 ι(ς)
957 4045 1379 4162 Arg.a.t.5.sn.'s.1³.‘4,

202 4178 205 4187 ’
248 4180 263 4223 2
328 4161 402 4223 Vid.
418 4162 517 4246 regul.
529 4180 598 4246 port
614 4165 636 4229 i.
654 4185 683 4230 2.
700 4165 767 4236 esd.
861 4168 911 4256 (4)
957 4165 1002 4230 D.
1019 4165 1040 4228 i.
1058 4184 1086 4246 5.
1295 4170 1300 4183 ’
1342 4198 1360 4211 ι-
