3210 4758
252 253 330 335 226
448 266 452 271 ’
483 306 488 317 .
696 247 789 327 zin‘
813 246 874 326 11.
896 246 1036 328 Tim.

185 404 189 409 “
233 407 397 482 gementu.
409 395 562 460 Nervaet
577 391 732 457 Proculus
745 395 820 457 ..ὶ-
868 396 966 479 teria,
991 391 1093 456 torma
1117 390 1162 455 rei
1180 397 1310 457 exteros
1331 399 1460 465 tuntum

236 486 415 564 stimabtnr,
428 485 564 563 speciem
580 502 620 545 er
635 484 741 546 aliena
754 502 821 546 ma·
869 495 1010 547 mutatur
1019 479 1139 560 ,idque
1153 480 1242 557 quud
1259 481 1381 549 sactum
1396 501 1463 568 .,est

234 578 312 639 teria
329 573 596 639 sactamnaturali
618 571 822 654 rationeejus
869 572 904 634 in
928 590 985 635 sua
1001 574 1093 634 tnttta
1109 589 1176 634 sive
1191 569 1233 633 ad
1260 571 1373 637 rudem
1386 595 1457 639 ma·
1511 578 1515 587 '

222 666 392 743 ‘ssse,qui
408 683 477 727 eam
501 682 559 725 suo
581 664 710 723 nomme
723 660 823 724 fecis-
870 663 981 725 teriam
1006 661 1115 724 reduci
1148 673 1279 740 potest,
1301 667 1458 731 rationem

234 768 300 816 tat:
323 772 397 817 narn
412 754 570 836 materiae,
589 770 661 827 quae
680 752 822 815 extincta
871 751 1047 814 naturalem
1059 746 1126 815 'nori
1141 751 1226 828 pati,
1241 748 1277 812 u't
1290 771 1362 816 cum
1377 757 1458 818 Pro-

235 845 277 904 tit
286 885 297 920 ,
309 844 430 906 nuliam
446 859 541 921 porro
554 843 709 903 tationem
724 840 822 904 habe·
869 842 945 903 culo
958 840 1189 917 dicamus,tem
1203 857 1273 902 eant
1290 860 1376 904 nunc
1391 847 1459 922 pri-

233 949 269 994 re
296 950 407 1011 posse,
437 930 498 995 sed
524 949 630 995 causae
651 927 821 994 efficientis
870 947 956 991 mum
973 932 1125 1006 existere,
1149 947 1186 992 ac
1206 943 1371 1009 propterea
1387 930 1457 997 fieri

234 1017 415 1099 duntaxat,
439 1022 683 1100 etpotissimum
700 1020 820 1104 formae,
867 1021 1073 1097 occupantis:
1092 1016 1147 1080 sed
1164 1036 1289 1080 necesse
1305 1037 1371 1083 esse
1384 1044 1398 1100 3·
1419 1036 1457 1086 ut

234 1106 325 1191 cujus
336 1110 671 1188 susceptionemateria
684 1109 820 1177 inaliam
868 1122 1020 1184 sequatur
1036 1110 1119 1170 vires
1131 1120 1162 1169 et
1178 1107 1376 1173 conditiones
1391 1130 1458 1174 ma«

233 1202 369 1278 speciem
392 1199 578 1264 transissetr
605 1216 679 1273 quae
700 1198 822 1277 species
869 1199 971 1283 terite,
984 1214 1056 1274 quae
1070 1208 1216 1276 potenter
1227 1211 1350 1277 manet,
1364 1198 1386 1260 l.
1402 1202 1459 1282 78.

233 1308 306 1350 curn
323 1301 418 1354 antea
442 1289 562 1352 nullius
584 1298 665 1351 esset
678 1307 754 1365 ,ac
780 1305 820 1350 ne
870 1287 900 1370 §.
916 1305 948 1365 4·
964 1285 1002 1355 de
1025 1286 1122 1371 legat.
1139 1306 1174 1365 3.·
1185 1285 1237 1348 At.
1251 1285 1309 1348 ubi
1324 1293 1458 1353 materia

232 1393 312 1444 esset
324 1379 466 1458 quidem,
477 1381 631 1443 rationem
644 1379 822 1441 naturalem
869 1378 1090 1460 consumitur,
1120 1390 1217 1451 atque
1248 1379 1462 1459 extinguitur,

233 1467 371 1549 efficere,
382 1485 419 1534 ut
429 1466 634 1535 concedenda
646 1469 685 1529 sit
698 1469 741 1552 ei,
753 1469 821 1547 qui,
869 1465 956 1543 quod
975 1468 1072 1528 nostri
1088 1484 1209 1543 semper
1235 1462 1308 1528 fieri
1331 1469 1458 1530 intelli-

233 1574 320 1622 urea
341 1561 375 1620 in
399 1578 501 1621 retum
518 1573 631 1622 natura
656 1558 718 1634 sit,
733 1555 820 1636 fecit,
869 1568 969 1636 gunt,
994 1574 1069 1619 cum
1085 1556 1204 1634 species
1232 1553 1372 1619 factaad
1386 1559 1456 1636 pri·

236 1663 371 1721 eamque
398 1648 592 1728 occupavit,
618 1642 639 1705 Ι.
673 1663 703 1724 7.
728 1643 758 1727 §.
787 1664 818 1726 7.
868 1646 984 1706 stiuam
1000 1646 1163 1708 materiam
1177 1647 1292 1707 reverti
1308 1665 1373 1708 non
1387 1662 1456 1725 pot·

233 1731 287 1795 hoo
301 1733 352 1797 tit.
366 1732 388 1797 Ι.
407 1753 436 1813 3.
450 1735 478 1819 §.
496 1748 549 1797 αι.
563 1731 600 1794 de
616 1728 740 1817 adquin.
750 1747 818 1813 pos.
867 1746 939 1809 est,
963 1736 1085 1798 nullam
1110 1730 1263 1818 materie,
1288 1754 1359 1809 qttae
1373 1758 1376 1769 ·
1388 1755 1464 1801 esset

200 1847 205 1858 ¹
232 1820 377 1886 Diversae
389 1837 497 1887 autem
518 1821 633 1886 scholae
661 1820 828 1885 Auctores'
867 1820 985 1902 desiit,
1013 1837 1070 1886 aut
1091 1825 1188 1902 priori
1214 1820 1335 1884 domini
1364 1824 1460 1906 qu‘us

232 1908 372 1977 Sabutus
382 1928 414 1975 et
428 1912 541 1978 Casius
554 1923 666 1975 contra
681 1955 693 1990 ,
719 1925 828 1974 natu··
867 1912 902 1972 in
918 1913 978 1976 hac
992 1915 1097 1992 specie
1110 1911 1193 1976 nihil
1203 1925 1259 1988 est,
1271 1911 1294 1974 l.
1308 1931 1360 1993 27.
1376 1915 1406 1992 §.
1427 1935 1458 1979 ι.

231 2003 291 2065 tali
307 2003 652 2067 rationicovenientius
669 2019 742 2063 esse
758 2021 819 2080 pu·
867 2001 921 2063 tue
934 2001 985 2064 tit.
1000 2022 1074 2066 cum
1085 2000 1204 2065 Sabino
1219 2003 1374 2065 tationem
1394 2002 1455 2067 ha·

233 2091 361 2173 tabant,
388 2110 425 2156 ut
446 2096 501 2170 qui
520 2093 657 2155 materiae
671 2088 818 2154 dominus
868 2089 936 2154 beri
960 2110 1066 2170 posse:
1098 2090 1153 2154 sed
1182 2109 1273 2154 novae
1300 2090 1457 2157 duntaxat
1530 2166 1534 2173 ¹

229 2179 361 2259 fuisset,
386 2180 514 2244 idem
486 2180 818 2261 eJusquoque,quod
867 2183 1004 2258 speciei,
1029 2179 1182 2262 eJusque,
1201 2177 1392 2260 cujusfacto
1418 2199 1473 2245 ea*

229 2267 544 2332 eamaterrafactum
558 2279 655 2343 esset
669 2266 818 2331 dominus
866 2269 1023 2332 interum
1040 2284 1153 2333 natura
1166 2288 1232 2332 esse
1252 2270 1371 2355 coepit,
1387 2268 1461 2333 dd,
1495 2318 1499 2325 .

228 2353 338 2418 fieret:
330 2358 476 2436 ·quippe
498 2358 568 2418 sine
585 2356 714 2417 materis
736 2364 825 2432 spe-
869 2376 899 2437 3
915 2359 943 2436 ς.
963 2377 1015 2421 21.
1030 2356 1069 2420 de
1084 2358 1156 2443 adq.
1166 2375 1248 2443 port.

226 2462 308 2509 crem
320 2445 442 2509 nullam
454 2442 541 2511 efflet
556 2462 658 2523 posse,
672 2460 813 2508 nostrum
911 2466 925 2523 ς
974 2438 1192 2532 (Frumentum
1211 2444 1252 2509 ad
1267 2445 1371 2532 spicas
1395 2468 1458 2510 re-
1487 2477 1507 2493 x

227 2548 335 2598 eutem
351 2553 417 2599 esse
439 2534 497 2612 id,
519 2532 607 2610 quod
634 2552 673 2596 ex
699 2552 732 2595 ro
749 2553 813 2595 no-
861 2535 947 2598 ...ντὶ
968 2557 1028 2598 nou
1039 2534 1173 2623 potest).
1198 2537 1285 2609 Inter
1309 2537 1465 2644 exemplu·-

225 2639 288 2689 stra
299 2622 482 2689 factumest:
496 2639 652 2711 postremo
661 2621 740 2685 nihil
747 2635 812 2689 tam
861 2628 1048 2702 specierum,
1060 2646 1132 2701 quae
1145 2625 1189 2713 acl
1199 2625 1230 2688 id
1240 2671 1251 2703 ,
1262 2625 1350 2702 quod
1369 2629 1455 2705 prius

224 2715 268 2777 ab
288 2718 436 2791 aequitate
454 2714 591 2777 naturali
605 2713 745 2775 ali'enutn
762 2715 814 2776 vi·
862 2713 1000 2793 fuerant,
1014 2717 1131 2778 reverti
1147 2735 1212 2778 non
1227 2728 1369 2792 possunt,
1386 2713 1457 2777 fru*

188 2819 190 2823 ·
225 2802 296 2868 deri
308 2822 431 2890 ,quam
454 2815 491 2868 ut
506 2803 550 2881 id,
565 2800 652 2878 quod
670 2816 812 2865 nostrum
861 2820 1003 2866 mentum
1033 2818 1199 2869 excussum
1232 2806 1329 2867 etiam
1353 2801 1456 2883 cajus
1505 2818 1511 2823 ·

224 2911 294 2972 est,
321 2896 389 2958 sine
418 2893 502 2956 facto
528 2910 634 2954 nostro
654 2890 812 2954 adolium
860 2892 958 2955 refert
970 2891 1084 2955 rutil
1104 2895 1243 2977 ...§7:
1256 2889 1387 2980 ()sed
1398 2893 1454 2955 tile

226 2982 473 3059 transferamur
491 3001 542 3045 11.
549 2978 660 3043 dedio.
667 2999 734 3062 reg
743 2983 810 3061 jur.
861 2981 1011 3057 quoditie
1034 3001 1184 3045 omtssum
1197 2993 1269 3061 est,
1289 2982 1454 3045 moxsub⁴

197 3072 201 3078 ’
243 3091 291 3151 4
338 3071 448 3135 Media
461 3083 567 3133 autem
586 3070 742 3131 sententia
757 3088 812 3131 tn
857 3067 950 3151 jicit,
965 3088 1005 3132 se
1033 3088 1144 3132 eorum
1171 3073 1366 3136 sententiam
1382 3089 1456 3148 pro

223 3172 271 3223 ter
286 3160 364 3229 duas
380 3175 534 3224 extremas
547 3159 674 3221 Proculi
694 3171 726 3219 et
748 3156 812 3220 Sa·
861 3158 936 3220 bate
945 3203 956 3237 ,
969 3159 1028 3234 qui
1050 3157 1244 3222 frumentum
1259 3160 1372 3224 alienis
1383 3161 1452 3238 spi-

223 3244 317 3334 broi,
339 3251 471 3327 probata
496 3250 558 3313 fuit
580 3248 599 3311 a
614 3241 637 3328 J
640 3249 812 3326 osttntan03
860 3251 906 3312 cis
919 3265 1086 3311 excussum
1102 3246 1171 3329 ejus
1186 3267 1257 3311 esse
1276 3269 1341 3312 non
1356 3248 1455 3311 dubi-

223 3338 331 3398 eorum
355 3341 497 3417 scilicet,
522 3337 711 3416 qui·Sabini
734 3356 813 3399 sen·
861 3337 992 3415 tabant,
1016 3336 1108 3417 cujus
1122 3340 1218 3415 spicae
1233 3353 1357 3403 essent:
1375 3357 1457 3416 pro·

223 3424 356 3486 tentiam
380 3428 534 3486 veriorem
555 3445 623 3489 esse
646 3427 813 3504 putabant,
862 3443 969 3505 pterea
984 3426 1157 3502 quodcum
1173 3445 1284 3508 grana,
1297 3446 1369 3503 quae
1383 3427 1455 3504 spi-

223 3514 250 3576 si
263 3513 479 3592 speciesfacta
496 3511 536 3573 ad
562 3516 700 3589 priorem
715 3533 835 3579 mate-n
861 3514 1457 3596 circumirentur,perfectamhsbeant

134 3676 140 3684 ¹
224 3605 303 3664 riam
333 3600 440 3677 reduci
462 3611 597 3678 posset
609 3604 636 3660 si
652 3621 715 3664 non
741 3623 813 3683 pos·
862 3622 956 3673 suam
979 3608 1137 3682 speciem,
1159 3608 1217 3680 qui
1240 3605 1360 3667 excutit
1383 3606 1456 3678 epi-

223 3704 292 3768 sat‚
317 3692 468 3765 Proculi,
499 3686 532 3749 d.
555 3685 579 3751 Ι.
602 3706 635 3768 7.
660 3693 698 3766 ς..
695 3709 745 3771 7.
771 3692 814 3753 Et
862 3712 939 3779 css,
955 3713 1020 3755 non
1044 3714 1160 3757 novam
1178 3694 1311 3769 speciem
1336 3689 1451 3766 faciat,

221 3798 277 3888 per
302 3800 397 3855 quam
413 3782 545 3861 elegans
569 3792 614 3839 est
641 3775 736 3858 huJus
755 3778 819 3847 di·
863 3781 1006 3845 sedeam
1014 3800 1108 3858 ,quae
1122 3792 1173 3843 est
1175 3779 1334 3858 ‚detegat
1347 3773 1454 3859 Quod

221 3871 397 3934 stinctionis
418 3873 519 3946 rat10‚
539 3885 634 3941 quam
651 3881 681 3927 et
706 3864 803 3928 31de
864 3865 948 3934 tdem
961 3871 1070 3934 eadem
1085 3874 1204 3933 tattone
1216 3863 1454 3929 dtcenduorert

114 4033 117 4039 ,
219 3961 332 4027 rnediae
359 3962 520 4021 sententiae
544 3957 698 4019 Auctores
721 3953 804 4017 affe·
853 3958 892 4022 de
930 3957 1161 4042 leguminibus,
1196 3956 1327 4034 lupino,
1354 3956 1451 4032 lente,

217 4059 311 4108 runt:
335 4064 446 4125 nempe
461 4064 546 4109 cum·
561 4056 708 4109 monente
733 4061 805 4107 ma·
852 4050 956 4115 cicere
970 4093 981 4133 ,
995 4048 1093 4132 lavis,
1118 4047 1259 4125 aliisque
1277 4042 1313 4109 id
1340 4062 1452 4129 genus·

240 4219 290 4311 (ι)
305 4220 367 4311 ¹D.
386 4223 407 4287 1.·
421 4241 474 4306 33.
494 4221 547 4287 tit.
565 4223 668 4294 rut.
683 4247 714 4309 3.
