3210 4758
147 239 156 249 ’
250 266 340 343 rso·
403 298 407 303 -
583 254 729 357 *aaa
749 256 786 334 ι.
807 255 890 334 Tan
916 240 1083 335 ntra«

230 427 264 472 se
281 405 399 471 habere
416 413 542 483 putaret
560 397 662 481 justas
687 417 825 464 excusa·
874 400 946 471 aliis
963 397 1144 464 muneribus
1159 397 1315 480 publicis,
1340 397 1383 463 ad
1397 419 1468 477 qua

140 572 148 585 Ι
236 498 334 559 tionis
352 512 462 556 causas
476 539 485 570 ,
499 504 551 554 aas
567 493 651 552 intra
669 492 827 573 praestitu·
875 503 1009 553 vocatus
1027 507 1139 553 contra
1156 490 1366 570 privilegium
1378 492 1472 569 ,illico

241 602 272 649 ta
301 599 442 661 tempora
473 592 682 659 proponeret,
701 598 780 653 quas
801 582 829 642 si
876 578 1037 656 appellat,
1051 594 1089 643 ut
1104 598 1143 641 ex
1159 595 1199 639 eo
1215 578 1273 641 alii
1287 580 1355 642 loci
1367 595 1473 643 omnes

240 672 347 754 Judex
364 670 538 752 rejecisset,
562 684 631 732 tum
647 667 775 733 demuto
788 668 830 730 li·
878 669 941 731 tint
955 665 1154 731 declarandi.
1386 687 1391 690 ’

240 763 377 824 centiam
405 759 591 837 appellandi
618 757 747 821 baberet
767 754 832 843 (ι).
925 773 947 833 4
980 753 1356 842 (Esquomgnooerintl.
1372 755 1473 844 Quin·

243 852 298 926 qni
313 868 388 915 veto
403 847 521 912 adalia
538 855 668 911 munera
684 862 833 915 vocaren·
880 846 1037 926 quaginta
1059 844 1128 907 dies
1138 847 1282 910 continui
1295 848 1477 910 excusatio·

220 955 321 1024 ¹tur,
342 940 391 1000 illi
413 957 477 999 non
497 939 589 1000 aliter
618 954 714 1012 quam
742 937 832 1014 olim,
885 938 980 996 nibus
1003 931 1188 1013 profitendis
1204 937 1372 999 constituti
1383 948 1473 998 tuto-

242 1027 304 1091 boc
314 1041 364 1090 est
371 1045 485 1104 ,quarn
500 1026 714 1104 appellatione
729 1024 833 1089 inter·
885 1023 973 1086 ribus
995 1038 1027 1086 et
1049 1025 1249 1087 curatoribus
1274 1043 1338 1086 non
1354 1025 1472 1088 cedunt

244 1118 366 1196 posita,
395 1116 532 1196 allegare
564 1115 686 1191 possint
721 1130 833 1176 causas
884 1129 1002 1187 exquo
1018 1109 1195 1196 derisum,
1211 1109 1318 1175 sedes
1335 1132 1472 1188 quocm

245 1205 456 1268 immunitatis
470 1206 559 1279 sua,
575 1201 596 1264 l.
616 1221 645 1265 1.
666 1202 695 1285 §.
713 1218 741 1262 t.
755 1213 786 1260 et
801 1220 834 1267 a..
885 1202 1055 1281 gnoverint
1069 1244 1081 1277 ,
1094 1218 1129 1262 se
1144 1215 1265 1267 tutores
1280 1203 1332 1266 vel
1345 1215 1472 1267 curato·

244 1293 365 1378 quando
388 1290 501 1376 appell.
512 1287 574 1376 la).
590 1291 694 1371 lgitut
707 1290 786 1367 lori,
798 1293 832 1355 in
882 1302 932 1353 res·
947 1288 1038 1351 datos
1051 1287 1178 1379 ested.
1193 1287 1215 1352 l.
1237 1310 1292 1370 ¹3·
1307 1294 1337 1376 §.
1353 1291 1386 1353 6.
1405 1289 1427 1353 l.
1441 1292 1480 1355 6.

245 1372 363 1456 ouibus
390 1395 510 1446 tutores
543 1381 611 1443 dati
643 1396 835 1459 provocasse
882 1376 997 1441 (Ἀθά.
1013 1376 1036 1439 l.
1055 1375 1474 1464 3.deverh.·sign.(p)·At·
1521 1438 1527 1449 ,

245 1484 487 1552 proponuntur,
511 1484 548 1532 ut
568 1470 602 1530 in
616 1466 641 1533 l.
658 1487 690 1546 4.
713 1468 766 1531 boc
780 1467 844 1530 rita
884 1484 946 1543 que
959 1485 999 1531 ex
1015 1485 1054 1529 eo
1066 1480 1206 1545 tempore
1221 1470 1247 1535 si
1260 1483 1395 1546 cessent,
1408 1484 1475 1532 suot

194 1592 200 1601 ·
245 1562 381 1635 aliisque
396 1556 431 1623 tt.
445 1561 493 1620 illi
511 1577 575 1619 non
597 1559 642 1618 sic
656 1556 835 1634 accipiendi
864 1607 866 1613 ,
885 1557 1027 1634 periculo
1040 1566 1175 1631 cessant,
1186 1555 1207 1618 l.
1224 1577 1253 1619 t.
1266 1548 1335 1635 §.⁴1.
1347 1555 1384 1617 de
1391 1555 1472 1619 mm.

183 2309 203 2361 X

246 1663 343 1724 sunt,
358 1648 449 1721 quasi
467 1645 507 1708 ab
525 1647 592 1725 ipsa
604 1646 764 1711 creatione
778 1664 836 1723 ap·
886 1657 947 1706 tut.
961 1659 997 1707 ut
1015 1660 1121 1709 tamen
1144 1647 1183 1708 iis
1198 1647 1381 1726 ignoscatur
1391 1691 1401 1723 ,
1421 1648 1477 1721 qui

247 1737 441 1814 pellassent,
465 1730 521 1796 sed
548 1726 567 1794 l
594 1728 761 1812 rejectione
776 1751 836 1794 ex·
884 1732 1090 1820 valetudine,
1104 1747 1159 1798 aut
1173 1737 1204 1798 vi
1221 1738 1428 1813 tempestatis,
1442 1753 1475 1796 a.-

246 1825 517 1888 cusationisinrra
534 1822 839 1900 praestitutumten
884 1822 970 1885 liave
992 1824 1087 1887 simili
1099 1841 1199 1889 causa·
1210 1821 1370 1900 impediti,
1399 1843 1477 1886 con·
1520 1856 1525 1862 Δ

248 1932 309 1992 pus
324 1915 481 1994 allegata.
885 1914 997 1975 stituto
1013 1925 1153 1992 tempore
1179 1931 1240 1973 non
1254 1910 1422 1989 v'enerint,
1442 1909 1474 1974 d.

300 2021 318 2088 3
366 2002 484 2079 Neque
512 2001 615 2065 obstat
641 2001 728 2077 quod
757 2002 837 2083 Mo·
885 1999 910 2066 Ι.
930 2021 981 2081 13.
996 2003 1025 2085 §.
1043 2003 1073 2063 si
1086 2000 1163 2063 enim
1177 2021 1210 2082 7.
1225 2001 1322 2061 Porro
1337 2018 1398 2063 nec
1411 2019 1475 2063 an-

249 2088 330 2154 dest.
354 2092 463 2154 scribit
479 2093 513 2153 in
529 2089 551 2153 1.
571 2093 621 2153 16.
635 2090 688 2152 boc
702 2091 764 2154 tiu·
779 2105 837 2156 tu·
886 2100 1043 2166 tea'quam
1055 2091 1074 2153 a
1086 2090 1138 2154 die
1154 2089 1346 2172 cognitionis
1361 2088 1472 2153 cedere

250 2193 334 2243 tores
366 2182 461 2253 etiam
488 2183 567 2244 citra
594 2182 837 2259 appellatiupem
886 2181 1031 2242 existimo
1038 2193 1185 2328 oguatuor
1202 2179 1273 2261 illos
1289 2196 1409 2241 menses
1430 2178 1476 2240 din
1574 2184 1576 2189 ’

242 2270 286 2329 ‘se
328 2284 479 2328 excusare
519 2284 631 2344 posse:
664 2281 730 2330 autv
749 2268 838 2342 quod
886 2266 1036 2346 sceptand
1068 2281 1098 2330 et
1111 2265 1254 2330 finiendo
1267 2268 1477 2337 excusationis

252 2351 339 2417 idem
355 2352 492 2416 Modest.
519 2356 564 2416 ait
590 2353 611 2415 l.
639 2360 689 2432 ις.
714 2354 779 2427 esd.
806 2372 838 2421 et
887 2357 1219 2436 negotioconstitutos
1235 2351 1303 2442 (4)²
1330 2354 1476 2431 netelin-

252 2441 352 2521 lmpp.
370 2440 392 2505 Ι.
423 2443 473 2505 18.
489 2439 525 2504 C.
549 2440 613 2508 eod.
635 2455 754 2519 tutores
779 2444 838 2508 da·
886 2446 944 2520 qui
973 2447 1154 2527 contingat,
1170 2460 1207 2508 ut
1233 2447 1320 2523 ptius
1345 2440 1475 2506 liniatur

251 2542 301 2595 tos
326 2551 390 2594 non
414 2525 538 2596 necesse
564 2530 703 2612 habere,
726 2535 838 2613 appel·
887 2547 1010 2612 ternpus
1028 2535 1260 2611 excusationis,
1284 2552 1378 2608 quarn
1394 2535 1475 2595 incia

249 2619 404 2701 lationem
433 2625 654 2702 interponere,
683 2626 778 2700 quasi
811 2628 838 2686 si
886 2624 969 2702 piat;
987 2621 1073 2698 quod
1090 2641 1239 2701 perquam
1262 2635 1342 2685 esset
1355 2621 1472 2686 absur-
1548 2650 1553 2659 ·

253 2712 378 2788 velint,
397 2711 505 2776 adhuc
525 2730 695 2792 prouocare
709 2715 837 2793 possint.
885 2710 974 2775 dum.
1001 2710 1073 2774 Nec
1103 2725 1150 2777 est
1177 2713 1370 2775 contrarium
1391 2708 1477 2784 quod

253 2796 342 2862 Nam
365 2793 545 2880 hujusmodi
575 2802 780 2866 collectiones
796 2816 843 2867 ut
886 2801 1007 2865 Paulus
1020 2801 1055 2862 in
1068 2796 1098 2861 d.
1113 2799 1135 2862 i.
1154 2801 1207 2879 38.
1219 2818 1340 2862 menses
1352 2799 1422 2861 illos
1434 2816 1474 2867 en

136 2950 143 2963 ,
169 2888 171 2895 ’
252 2905 374 2967 semper
395 2892 577 2954 necessariae
594 2909 666 2951 non·
682 2907 775 2969 sunt,
793 2893 839 2956 ita
887 2889 942 2953 die
960 2891 1190 2953 nominationis
1214 2887 1471 2952 numerat.»Nam

252 2972 321 3038 hac
336 2979 465 3039 minime
492 2979 638 3040 hocloco
653 2977 841 3053 admittent-¹
887 2979 989 3056 Paulo
999 2998 1031 3039 eo
1050 2976 1111 3041 loco
1124 2976 1211 3043 idem
1228 2993 1275 3042 est
1283 2976 1357 3041 ‘dies
1378 2977 1472 3037 nomi·

253 3060 313 3127 dat
335 3063 472 3127 Tutores
499 3082 624 3128 necasse
640 3083 704 3125 non
722 3065 841 3133 habent
889 3068 1049 3144 nationis,
1075 3080 1107 3129 et
1122 3069 1334 3148 cognitionis,
1356 3067 1470 3145 quippe

253 3152 433 3233 appellares
454 3172 549 3238 ergo,
573 3153 600 3214 si
625 3153 747 3232 velint,
762 3174 841 3234 pos-
887 3155 1059 3228 quisolum
1073 3154 1243 3220 excludere
1259 3158 1476 3232 vulttempus,

245 3256 338 3305 sunt.
351 3244 489 3312 Necesse
496 3245 582 3308 enirn
590 3240 789 3322 nonhabent,
802 3259 840 3309 ut
888 3263 954 3319 quo
976 3243 1114 3326 allegata
1130 3247 1170 3308 sit
1186 3247 1369 3320 exeusatiop
1382 3244 1472 3320 quasi

251 3325 330 3388 olim
340 3342 415 3393 ante
424 3332 736 3403 ‚constitutionem
750 3334 840 3399 Mat·
888 3331 973 3398 dicat
986 3378 997 3411 ,
1010 3348 1147 3408 quatuor
1172 3334 1245 3395 illos
1273 3352 1391 3397 menses
1408 3350 1471 3394 norr

252 3414 302 3487 Cis
324 3434 411 3480 nunc
426 3437 465 3481 ue
489 3438 618 3495 possunt
639 3423 790 3507 quidem,
806 3438 838 3486 et
887 3422 1042 3489 currerei
1059 3421 1113 3485 die
1124 3424 1291 3501 propositae
1303 3422 1472 3484 excusatio

250 3501 455 3567 frustratante
473 3509 665 3584 propositam
679 3526 711 3571 et
726 3504 838 3589 repul,-
886 3513 959 3589 nis,
981 3509 1068 3587 quod
1096 3509 1199 3595 videti
1213 3525 1354 3592 poterat,
1383 3508 1474 3575 seda

151 3666 153 3669 ¹
250 3610 319 3663 sam
340 3595 552 3658 excusationis
579 3613 707 3665 causam
726 3602 837 3678 appel·
885 3599 939 3664 die
947 3596 1184 3678 nominationis,
1192 3602 1328 3681 cognitae
1341 3594 1474 3674 seilicet,

251 3680 321 3745 lant
334 3724 345 3758 ,
359 3680 393 3743 da
408 3680 431 3748 l.
453 3682 524 3767 up
551 3701 577 3744 ι.
606 3683 719 3766 quand.
735 3688 836 3770 appel.
886 3707 952 3753 non
973 3688 1087 3775 factae,
1108 3689 1186 3753 Ant.
1213 3686 1293 3749 Fab.
1323 3705 1352 3745 1.
1363 3685 1478 3763 juris-

130 3836 132 3845 ,
157 3802 159 3805 v
252 3760 323 3850 Qui
345 3771 435 3836 locus
449 3781 506 3839 tau
517 3773 622 3837 clarus
637 3784 684 3834 est
693 3795 704 3849 ·,
720 3771 837 3839 distin·
880 3775 979 3864 procl.
992 3777 1045 3840 lanc
1060 3778 1111 3840 tit.
1125 3793 1175 3860 pr.
1197 3790 1223 3834 a.
1238 3770 1317 3835 utar.
1333 3788 1366 3850 7.

250 3870 353 3939 &⁰0³⁸
379 3860 439 3928 hac
465 3866 500 3926 in
514 3874 612 3944 parte
640 3861 771 3925 tutelam
795 3865 836 3929 ab
921 3885 938 3949 5
966 3858 1287 3953 (lanacmtesirnum
1302 3854 1485 3947 lapident„

273 4033 346 4122 ’(ι)
391 4037 432 4101 L.
448 4039 479 4102 8.
494 4038 546 4102 tir.
564 4058 617 4119 aa.
644 4039 683 4105 P.
699 4060 729 4123 3.
752 4059 836 4109 serr.
930 4041 963 4130 (3
1023 4043 1063 4104 L.
1080 4059 1112 4119 4.
1130 4038 1183 4106 tit.
1200 4057 1252 4121 17.
1266 4035 1305 4100 Ρ.
1321 4038 1355 4101 6.
1469 4092 1477 4105 r

249 4120 323 4186 Mas
336 4128 362 4184 si
376 4128 477 4190 luese.
870 4128 873 4133 “
930 4126 966 4222 (4
1025 4130 1111 4213 Μ.
1130 4129 1184 4199 tit.
1206 4126 1355 4216 17·P·6·
1394 4190 1397 4197 .
