3224 4762
284 285 330 361 52

256 404 323 489 ipre
340 403 377 464 de
393 420 485 463 rouro
509 400 678 487 cognoscit,
691 417 721 462 et
734 403 840 486 porti-

256 495 311 556 bus
326 492 441 554 auditis
455 491 634 553 sententiam
648 492 839 575 pronuntiat:

216 648 219 653 ⁴
255 602 348 658 quern
362 595 504 645 veterum
527 580 707 659 Principum
725 600 840 644 morem

256 671 353 732 fuisse
365 685 518 732 testantur
535 669 750 732 historiaeAA.
762 673 840 753 scri-

256 774 370 838 ptores.
385 760 523 839 Elegans
547 758 724 837 exemplum
739 758 840 820 habe-

257 868 327 911 mus
340 851 373 909 in
386 847 407 909 i.
428 869 456 926 3.
468 847 504 907 de
516 848 566 909 iris
579 869 642 930 quae
651 846 685 908 in
696 861 771 912 test.
781 845 839 911 del.

256 939 331 1001 Alia
349 939 491 1014 exempla
509 939 540 997 in
565 936 585 998 l.
606 955 654 1015 ¹3·
678 935 755 1018 qood
769 951 841 1000 met.

257 1047 341 1107 cans.
370 1026 391 1088 Ι.
416 1044 471 1102 41.
499 1024 838 1087 dilaniassent.

256 1112 326 1191 Jac.
343 1112 492 1177 Gothofr.
509 1112 550 1174 ad
566 1114 586 1171 i.
602 1112 659 1172 ult.
676 1112 710 1173 C.
727 1110 787 1171 Tu.
802 1112 839 1171 de

255 1204 334 1282 offic.
347 1201 417 1284 juo.
435 1221 511 1261 omn.
531 1200 587 1261 ubi
604 1200 782 1276 plenissime
798 1199 839 1262 de

241 1292 477 1375 ·nod0„quem
494 1291 653 1365 Principes
671 1290 704 1353 in
724 1290 838 1351 decet.-

253 1381 360 1443 nendo
377 1378 600 1441 observabant.

297 1494 321 1556 4
365 1466 531 1551 (Quadam
546 1463 840 1551 compersonalis).

252 1558 336 1622 Cum
353 1558 492 1637 dixisset,
504 1577 568 1620 uon
580 1576 618 1619 ea
631 1572 755 1626 tautum
767 1576 837 1630 quae

164 1672 168 1679 ·
253 1649 401 1724 Princeps
414 1649 519 1711 edicto
544 1648 699 1728 praecepir,
713 1646 768 1709 sed
785 1661 837 1707 et·

683 246 1098 343 mnam.

889 408 922 466 iu
938 403 1115 483 exemplum
1131 421 1195 466 uou
1211 401 1306 480 trahi,
1323 422 1384 468 nec
1399 424 1482 488 per-3
1501 426 1503 431 ·

889 506 998 556 conatu
1019 492 1146 574 egredi:
1169 496 1319 566 quoniam
1343 513 1408 556 non
1435 514 1479 558 ea

890 580 1030 646 mens'sit
1044 583 1216 660 Principis,
1231 585 1286 655 qui
1298 583 1397 645 solius
1408 604 1481 660 pu·

889 688 921 734 ra
934 672 1030 747 Titii,
1045 684 1101 733 aut
1115 668 1291 749 Sempronii
1302 686 1400 733 causa
1409 675 1481 733 ali-⁴

889 760 967 834 quid
981 754 1163 837 constituit,
1183 777 1219 821 ut
1244 759 1302 836 id,
1326 761 1413 833 quod
1430 763 1490 845 ita*

889 851 1062 925 constituit,
1076 852 1111 911 iu
1128 851 1311 912 universum
1330 868 1389 926 pro
1408 847 1481 928 jure

890 938 1076 1001 observetur
1088 952 1143 1001 aut
1156 938 1202 1005 ad
1213 938 1291 999 alios
1305 939 1482 1001 transieras

889 1039 952 1088 tur.
969 1028 1111 1105 Apparet
1128 1046 1203 1088 vero
1215 1045 1254 1088 en
1273 1028 1348 1102 ipsis
1369 1027 1481 1089 verbis
1521 1084 1527 1093 .

890 1134 952 1174 nou
966 1118 1019 1194 agi
1028 1114 1081 1175 hoo
1093 1114 1154 1175 ioco
1163 1115 1204 1176 de
1214 1116 1388 1194 privilegiis
1399 1135 1480 1179 cnu⁴

888 1219 1000 1265 saeaut
1017 1204 1084 1286 rei,
1110 1203 1164 1265 sed
1187 1222 1339 1281 peuense,
1360 1205 1480 1281 qubus

887 1292 954 1353 sola
968 1310 1106 1370 persona
1119 1292 1261 1354 conditio
1274 1292 1477 1359 locumiacitt

887 1382 994 1453 qualia
1026 1396 1100 1443 eunt
1128 1382 1296 1463 privilegia
1326 1384 1479 1467 rnilitum·

881 1469 963 1539 Hac
977 1487 1007 1533 er
1021 1472 1139 1532 similia
1156 1489 1357 1549 personarunt
1370 1471 1478 1548 privi-

885 1560 983 1637 legiu,
996 1559 1163 1622 deficiente
1178 1579 1323 1638 persona,
1334 1562 1386 1620 citi
1401 1558 1482 1625 data

885 1650 1097 1722 sunt,statin1
1118 1651 1213 1710 simul
1234 1644 1388 1710 deficiunt
1410 1660 1476 1712 aut·

250 1738 318 1798 iam
332 1755 402 1811 quae
414 1754 468 1815 per
482 1736 645 1812 epistolam
660 1734 838 1810 constituit,
886 1738 1129 1815 extinguuntur,
1141 1753 1243 1809 neque
1256 1733 1298 1795 ad
1308 1755 1480 1799 successo-

252 1825 307 1885 uel
344 1841 537 1903 cognoscens
573 1822 738 1899 decrevit,
769 1827 837 1887 vim
887 1842 936 1885 tes
963 1837 1149 1900 transeunt,
1175 1812 1397 1885 stolonibus
1414 1827 1477 1888 68.

251 1915 349 1974 niatu
373 1913 408 1974 in
432 1914 505 1974 aliis
522 1914 626 2005 causis
640 1925 672 1974 et
697 1913 839 1987 personis
886 1911 1091 1996 Lpoioilegiu
1114 1909 1479 1993 19⁶.deoio.rog.1·ao.

246 2001 393 2067 liaberet
418 2001 450 2063 id
478 2020 562 2064 nunc
582 2019 621 2063 eu
647 2000 789 2077 Ulpiano
803 2003 841 2062 in
887 2003 947 2064 nisi
975 2000 1009 2066 id
1023 2021 1149 2078 quoque
1166 2001 1352 2063 nominatim
1369 2001 1480 2075 priui-

247 2090 286 2154 ὀ.
303 2092 371 2164 l·.1··
384 2093 413 2176 ς.
431 2111 459 2153 a.
476 2090 512 2152 do
527 2104 621 2152 const.
637 2088 778 2172 Princip.
794 2094 839 2153 sic
887 2092 973 2171 legio
1000 2108 1128 2155 cautum
1149 2093 1188 2153 sit
1203 2088 1263 2173 ‚·i.
1291 2108 1323 2165 4.
1348 2087 1385 2147 de
1411 2090 1481 2161 ior,

203 2244 205 2249 ,
252 2196 417 2258 temperat,
429 2181 488 2241 nisi
502 2178 598 2242 aliam
609 2197 676 2242 esse
688 2181 839 2241 volunta·
887 2199 967 2240 mun.
982 2177 1040 2264 (a).
1056 2183 1097 2242 Ar
1109 2199 1179 2253 quae
1191 2179 1359 2257 privilegia
1374 2180 1480 2257 tnagis

218 2296 223 2299 ·
251 2283 317 2330 tern
333 2287 363 2329 er
375 2268 561 2329 senteutiam
574 2268 727 2342 Principis
740 2272 838 2342 a'ppa—
888 2284 1003 2349 causae,
1013 2286 1109 2340 quam
1123 2285 1261 2344 personae
1272 2280 1477 2351 prestantur,

245 2369 345 2420 -reate
384 2374 450 2418 esse
482 2357 566 2417 enirn
599 2355 840 2416 constitutiones
856 2352 924 2417 'feu
945 2354 1138 2431 haeredibus,
1161 2372 1217 2418 seu
1237 2354 1474 2429 omnibussqui

252 2446 407 2518 quasdam
422 2445 625 2524 personales,
642 2443 758 2516 quibus
784 2442 837 2524 jus
885 2460 988 2507 causae
1003 2462 1040 2506 ac
1058 2447 1103 2506 rei
1121 2446 1286 2523 participes
1300 2456 1394 2515 sunt,
1411 2446 1478 2525 trio·

244 2536 414 2616 singulare
431 2538 464 2594 in
480 2547 571 2595 certae
586 2531 718 2612 alicujus
736 2552 837 2611 perso·
887 2531 1029 2596 buuntur
1042 2579 1053 2612 ‚
1068 2534 1102 2595 d.
1118 2534 1139 2595 l.
1150 2531 1324 2616 privilagio
1349 2533 1420 2609 196.
1437 2531 1477 2592 de

246 2647 305 2690 uae
318 2627 452 2707 gratiam
472 2624 674 2686 constituitur
691 2619 837 2708 (1).Hae
886 2619 952 2684 ato.
968 2643 1036 2707 reg.
1048 2626 1116 2704 jur.
1129 2619 1221 2702 cujus
1232 2622 1357 2701 generis
1371 2622 1474 2683 bene·

251 2731 327 2779 sunt
347 2735 417 2789 quae
441 2713 613 2798 privilegio
639 2713 760 2776 Latinis
782 2712 838 2774 di·
888 2709 1271 2776 ficiasuntimrnunirates
1284 2710 1476 2790 generaliter

183 2809 185 2813 ’
252 2820 388 2883 cuntur,
412 2803 558 2881 eoquod
585 2804 716 2869 Veteres
740 2800 838 2886 privo
887 2802 974 2879 lucie,
991 2816 1046 2864 aut
1058 2800 1254 2883 civitatibus,
1269 2815 1324 2861 aur
1341 2798 1471 2860 familiis

245 2893 410 2969 dixerunt,
422 2913 545 2975 queunt
556 2890 682 2973 singulti
693 2893 839 2969 dicimur;
886 2890 979 2968 datae,
993 2892 1018 2952 l.
1031 2908 1062 2969 4.
1077 2893 1104 2975 §.
1116 2909 1144 2969 3.
1154 2889 1190 2950 de
1205 2887 1321 2952 sensili.
1333 2886 1474 2949 inducite

248 2994 383 3044 auctore
399 2981 439 3040 A.
450 2977 566 3038 Gellio
582 2980 771 3057 lib.ro.cop.
786 2998 836 3041 20.
860 3002 863 3007 ⁴
886 2981 1056 3057 temporis,
1085 2997 1158 3048 quae
1179 2978 1327 3053 judicatis
1356 2973 1474 3036 indui·

248 3083 283 3129 et
299 3068 393 3129 Festo
405 3068 438 3127 in
456 3084 534 3128 voce
546 3064 681 3148 privor,
696 3064 752 3126 ubi
768 3064 835 3141 Jos.
886 3076 1018 3142 guntur,
1031 3062 1053 3123 i.
1067 3074 1184 3143 ternpus
1200 3078 1251 3138 29.
1269 3058 1306 3119 de
1324 3058 1395 3121 diu.⁴
1407 3081 1476 3143 rog.

252 3156 335 3219 Scal.
347 3158 380 3218 in
391 3170 491 3218 annot.
504 3151 640 3233 offendit
654 3174 710 3229 me,
722 3155 838 3231 inquit,
880 3155 947 3233 jur.
971 3149 1022 3229 jus
1037 3164 1218 3212 antesomne
1238 3146 1397 3213 creditum
1412 3149 1474 3212 de·

251 3246 329 3328 qood
357 3245 439 3326 apud
478 3241 649 3305 Ciceronem
682 3258 742 3327 pro
781 3240 837 3317 itur
884 3238 1024 3303 ducendi
1052 3242 1208 3317 impensas
1231 3236 1402 3316 funeris,l.
1415 3252 1473 3319 po-

251 3353 344 3410 voce,
360 3336 519 3410 privatum
545 3332 781 3409 substituerint,
800 3347 837 3395 ut
885 3329 962 3391 nuit.
985 3327 1122 3406 iuueni
1140 3327 1168 3389 si
1189 3324 1349 3407 filiusfam.
1376 3326 1478 3410 Μ.

152 3447 155 3454 ·
252 3420 836 3517 ineaprodomooap.17.Vatant
886 3418 941 3480 ult.
959 3382 995 3478 ie
1018 3417 1110 3497 relig.
1129 3431 1159 3478 at
1185 3431 1296 3498 sumpt.
1318 3413 1390 3491 fun.
1408 3411 1476 3477 &c-

249 3511 337 3596 ingar
365 3523 508 3571 sacoma.
538 3523 644 3570 verant
663 3502 742 3570 XII.
768 3508 838 3570 To·
886 3507 996 3580 Itaque
1012 3507 1178 3586 privilegia
1201 3508 1264 3567 alia
1280 3506 1470 3588 personalia,

245 3598 341 3660 ,bollo
355 3600 440 3681 leges
452 3594 558 3679 privis
570 3594 739 3658 hominibus
753 3594 839 3657 t'tto·
885 3598 987 3659 tealia
1006 3597 1119 3659 alterat
1137 3594 1177 3656 de
1194 3614 1258 3669 quo
1277 3592 1329 3654 adi
1346 3592 1388 3656 D.
1402 3593 1474 3655 Por.

245 3688 338 3773 geri.
366 3687 411 3749 At
439 3684 546 3748 hodie
561 3685 674 3766 legunt
695 3682 839 3768 priuatis
887 3682 966 3746 Feb.
984 3684 1026 3746 ad
1041 3683 1074 3747 d.
1085 3683 1108 3746 i.
1123 3683 1156 3743 in
1179 3679 1314 3742 omnibus
1329 3680 1379 3738 68,
1395 3692 1427 3738 et
1441 3675 1475 3739 d.

249 3792 437 3862 uop.19.‘
550 3833 553 3838 ,
823 3808 826 3813 -
888 3765 1476 3857 ipriuileg.196.dediv.reg.jur.
1546 3760 1549 3771 '

269 3870 317 3943 ’ς
368 3867 424 3927 Ait
436 3880 539 3928 autent
554 3864 765 3946 Justiuianus,
776 3861 839 3926 hu·
948 3866 968 3923 6
1023 3859 1093 3949 (Ob
1131 3856 1272 3916 meritant
1302 3849 1475 3938 indulsit).

216 3953 390 4036 *jusmodi
406 3958 646 4019 constitutiones
661 3955 839 4035 personales
888 3951 967 4013 Tres
1010 3947 1221 4028 personalium
1268 3941 1475 4004 constitutio·

246 4040 568 4125 sive'privssegiaaut
576 4043 649 4126 jura
664 4042 840 4123 singularia
892 4058 968 4108 num
984 4039 1102 4118 species
1126 4032 1179 4094 hoc
1203 4029 1265 4093 loeo
1288 4046 1475 4110 proponuu·

298 4215 349 4310 (ι)
394 4177 848 4323 Β·α8·εὶτ.ιθ,Ρ·ε.ίυῆπ·
925 4205 1410 4303 ‘iubentutis-Pu
