<?xml version="1.0" encoding="UTF-8"?>
<!DOCTYPE html PUBLIC "-//W3C//DTD XHTML 1.0 Transitional//EN"
    "http://www.w3.org/TR/xhtml1/DTD/xhtml1-transitional.dtd">
<html xmlns="http://www.w3.org/1999/xhtml" xml:lang="en" lang="en">
 <head>
  <title>
</title>
<meta http-equiv="Content-Type" content="text/html;charset=utf-8" />
  <meta name='ocr-system' content='tesseract 3.04.00' />
  <meta name='ocr-capabilities' content='ocr_page ocr_carea ocr_par ocr_line ocrx_word'/>
</head>
<body>
  <div class='ocr_page' id='page_1' title='image "./institutionesro00madgoog/institutionesro00madgoog_0262.png"; bbox 0 0 3210 4758; ppageno 0'>
   <div class='ocr_carea' id='block_1_1' title="bbox 288 172 1351 308">
    <p class='ocr_par' dir='ltr' id='par_1_1' title="bbox 288 172 1351 308">
     <span class='ocr_line' id='line_1_1' title="bbox 288 172 1351 308; baseline 0.006 -26"><span class='ocrx_word' id='word_1_1' title='bbox 288 207 350 283; x_wconf 87' lang='lat' dir='ltr'>De</span> <span class='ocrx_word' id='word_1_2' title='bbox 364 203 620 284; x_wconf 71' lang='lat' dir='ltr'>retunditis.</span> <span class='ocrx_word' id='word_1_3' title='bbox 639 172 679 285; x_wconf 73' lang='lat' dir='ltr'>et</span> <span class='ocrx_word' id='word_1_4' title='bbox 691 198 836 306; x_wconf 69' lang='lat' dir='ltr'>acquir.</span> <span class='ocrx_word' id='word_1_5' title='bbox 853 200 1025 308; x_wconf 74' lang='lat' dir='ltr'>ipsarum</span> <span class='ocrx_word' id='word_1_6' title='bbox 1042 188 1213 290; x_wconf 68' lang='lat' dir='ltr'>dominio.</span> <span class='ocrx_word' id='word_1_7' title='bbox 1254 203 1351 308; x_wconf 53' lang='grc' dir='ltr'>χ949</span> 
     </span>
    </p>
   </div>
   <div class='ocr_carea' id='block_1_2' title="bbox 83 335 1459 3884">
    <p class='ocr_par' dir='ltr' id='par_1_2' title="bbox 83 335 1459 3884">
     <span class='ocr_line' id='line_1_2' title="bbox 142 335 1365 433; baseline 0.003 -19"><span class='ocrx_word' id='word_1_8' title='bbox 142 350 334 414; x_wconf 80' lang='lat' dir='ltr'>occasionem</span> <span class='ocrx_word' id='word_1_9' title='bbox 356 348 541 428; x_wconf 85' lang='lat' dir='ltr'>Justiniano</span> <span class='ocrx_word' id='word_1_10' title='bbox 556 345 667 425; x_wconf 85' lang='lat' dir='ltr'>dedit,</span> <span class='ocrx_word' id='word_1_11' title='bbox 688 335 736 411; x_wconf 66' lang='grc' dir='ltr'>υἷ’</span> <span class='ocrx_word' id='word_1_12' title='bbox 772 362 805 411; x_wconf 87' lang='lat' dir='ltr'>ta</span> <span class='ocrx_word' id='word_1_13' title='bbox 818 368 931 414; x_wconf 86' lang='lat' dir='ltr'>natura</span> <span class='ocrx_word' id='word_1_14' title='bbox 944 353 1082 431; x_wconf 86' lang='lat' dir='ltr'>separari</span> <span class='ocrx_word' id='word_1_15' title='bbox 1098 346 1162 414; x_wconf 78' lang='lat' dir='ltr'>n&#39;on</span> <span class='ocrx_word' id='word_1_16' title='bbox 1178 363 1298 429; x_wconf 69' lang='lat' dir='ltr'>portur</span> <span class='ocrx_word' id='word_1_17' title='bbox 1309 348 1365 433; x_wconf 73' lang='lat' dir='ltr'>Ju-</span> 
     </span>
     <span class='ocr_line' id='line_1_3' title="bbox 138 432 1363 522; baseline 0.006 -21"><span class='ocrx_word' id='word_1_18' title='bbox 138 439 180 501; x_wconf 88' lang='lat' dir='ltr'>de</span> <span class='ocrx_word' id='word_1_19' title='bbox 196 436 283 518; x_wconf 87' lang='lat' dir='ltr'>jure,</span> <span class='ocrx_word' id='word_1_20' title='bbox 306 439 391 512; x_wconf 89' lang='lat' dir='ltr'>quod</span> <span class='ocrx_word' id='word_1_21' title='bbox 409 434 460 499; x_wconf 83' lang='lat' dir='ltr'>iric</span> <span class='ocrx_word' id='word_1_22' title='bbox 476 437 673 500; x_wconf 83' lang='lat' dir='ltr'>fructuarius</span> <span class='ocrx_word' id='word_1_23' title='bbox 695 450 748 499; x_wconf 77' lang='lat' dir='ltr'>et,</span> <span class='ocrx_word' id='word_1_24' title='bbox 774 437 866 502; x_wconf 89' lang='lat' dir='ltr'>bente</span> <span class='ocrx_word' id='word_1_25' title='bbox 882 459 919 502; x_wconf 85' lang='lat' dir='ltr'>ea</span> <span class='ocrx_word' id='word_1_26' title='bbox 936 432 1011 504; x_wconf 83' lang='lat' dir='ltr'>saris&#39;</span> <span class='ocrx_word' id='word_1_27' title='bbox 1028 455 1191 522; x_wconf 85' lang='lat' dir='ltr'>separatur</span> <span class='ocrx_word' id='word_1_28' title='bbox 1209 443 1278 511; x_wconf 81' lang='lat' dir='ltr'>sine</span> <span class='ocrx_word' id='word_1_29' title='bbox 1298 460 1363 508; x_wconf 85' lang='lat' dir='ltr'>cu·</span> 
     </span>
     <span class='ocr_line' id='line_1_4' title="bbox 104 522 1037 606; baseline 0.001 -16"><span class='ocrx_word' id='word_1_30' title='bbox 104 600 106 603; x_wconf 12' lang='lat' dir='ltr'>v</span> <span class='ocrx_word' id='word_1_31' title='bbox 136 528 265 591; x_wconf 81' lang='lat' dir='ltr'>colonus</span> <span class='ocrx_word' id='word_1_32' title='bbox 294 526 435 605; x_wconf 81' lang='lat' dir='ltr'>habent,</span> <span class='ocrx_word' id='word_1_33' title='bbox 465 526 566 587; x_wconf 89' lang='lat' dir='ltr'>obiter</span> <span class='ocrx_word' id='word_1_34' title='bbox 602 523 726 601; x_wconf 89' lang='lat' dir='ltr'>aliquid</span> <span class='ocrx_word' id='word_1_35' title='bbox 777 522 1037 606; x_wconf 85' lang='lat' dir='ltr'>jusquamfacto.</span> 
     </span>
     <span class='ocr_line' id='line_1_5' title="bbox 138 613 1361 708; baseline 0.005 -31"><span class='ocrx_word' id='word_1_36' title='bbox 138 613 313 694; x_wconf 79' lang='lat' dir='ltr'>subjiceret.</span> <span class='ocrx_word' id='word_1_37' title='bbox 334 616 378 677; x_wconf 86' lang='lat' dir='ltr'>Hi</span> <span class='ocrx_word' id='word_1_38' title='bbox 400 618 433 676; x_wconf 89' lang='lat' dir='ltr'>in</span> <span class='ocrx_word' id='word_1_39' title='bbox 449 616 520 677; x_wconf 76' lang='lat' dir='ltr'>eod</span> <span class='ocrx_word' id='word_1_40' title='bbox 537 618 628 678; x_wconf 82' lang='lat' dir='ltr'>bonae</span> <span class='ocrx_word' id='word_1_41' title='bbox 648 613 726 677; x_wconf 83' lang='lat' dir='ltr'>fidei</span> <span class='ocrx_word' id='word_1_42' title='bbox 815 635 831 692; x_wconf 85' lang='lat'>3</span> <span class='ocrx_word' id='word_1_43' title='bbox 872 614 974 701; x_wconf 79' lang='lat' dir='ltr'>(Licet</span> <span class='ocrx_word' id='word_1_44' title='bbox 986 617 1116 679; x_wconf 82' lang='lat' dir='ltr'>maturis</span> <span class='ocrx_word' id='word_1_45' title='bbox 1117 617 1361 708; x_wconf 74' lang='lat' dir='ltr'>fructibutetc).</span> 
     </span>
     <span class='ocr_line' id='line_1_6' title="bbox 83 700 1363 787; baseline 0.008 -22"><span class='ocrx_word' id='word_1_46' title='bbox 83 742 87 747; x_wconf 90' lang='lat'><em>-</em></span> <span class='ocrx_word' id='word_1_47' title='bbox 136 700 308 780; x_wconf 81' lang='lat' dir='ltr'>possessore</span> <span class='ocrx_word' id='word_1_48' title='bbox 318 702 488 781; x_wconf 83' lang='lat' dir='ltr'>differunt,</span> <span class='ocrx_word' id='word_1_49' title='bbox 504 703 588 777; x_wconf 83' lang='lat' dir='ltr'>quod</span> <span class='ocrx_word' id='word_1_50' title='bbox 602 702 726 779; x_wconf 83' lang='lat' dir='ltr'>fructus</span> <span class='ocrx_word' id='word_1_51' title='bbox 775 700 935 787; x_wconf 84' lang='lat' dir='ltr'>Quamvis</span> <span class='ocrx_word' id='word_1_52' title='bbox 947 707 1044 786; x_wconf 80' lang='lat' dir='ltr'>igitur</span> <span class='ocrx_word' id='word_1_53' title='bbox 1057 710 1189 772; x_wconf 78' lang='lat' dir='ltr'>maxima</span> <span class='ocrx_word' id='word_1_54' title='bbox 1203 730 1289 787; x_wconf 87' lang='lat' dir='ltr'>parte</span> <span class='ocrx_word' id='word_1_55' title='bbox 1301 732 1363 774; x_wconf 87' lang='lat' dir='ltr'>an·</span> 
     </span>
     <span class='ocr_line' id='line_1_7' title="bbox 137 791 1364 873; baseline 0.01 -20"><span class='ocrx_word' id='word_1_56' title='bbox 137 795 312 870; x_wconf 86' lang='lat' dir='ltr'>percipiunt</span> <span class='ocrx_word' id='word_1_57' title='bbox 338 813 378 855; x_wconf 82' lang='lat' dir='ltr'>ex</span> <span class='ocrx_word' id='word_1_58' title='bbox 402 793 568 854; x_wconf 87' lang='lat' dir='ltr'>voluntate</span> <span class='ocrx_word' id='word_1_59' title='bbox 590 791 726 870; x_wconf 86' lang='lat' dir='ltr'>domini,</span> <span class='ocrx_word' id='word_1_60' title='bbox 776 794 810 852; x_wconf 91' lang='lat' dir='ltr'>ni</span> <span class='ocrx_word' id='word_1_61' title='bbox 823 793 1022 857; x_wconf 79' lang='lat' dir='ltr'>ususfructus</span> <span class='ocrx_word' id='word_1_62' title='bbox 1037 800 1206 873; x_wconf 65' lang='lat' dir='ltr'>steteriuet</span> <span class='ocrx_word' id='word_1_63' title='bbox 1220 799 1364 864; x_wconf 83' lang='lat' dir='ltr'>fructua-</span> 
     </span>
     <span class='ocr_line' id='line_1_8' title="bbox 136 878 1365 961; baseline 0.009 -21"><span class='ocrx_word' id='word_1_64' title='bbox 136 878 726 961; x_wconf 80' lang='lat' dir='ltr'>fructuariusjureservitutissibicon·</span> <span class='ocrx_word' id='word_1_65' title='bbox 774 883 1365 960; x_wconf 83' lang='lat' dir='ltr'>tiussuisimpensisfundumfructua-</span> 
     </span>
     <span class='ocr_line' id='line_1_9' title="bbox 136 971 1364 1047; baseline 0.007 -17"><span class='ocrx_word' id='word_1_66' title='bbox 136 972 269 1046; x_wconf 80' lang='lat' dir='ltr'>ctitutae‚</span> <span class='ocrx_word' id='word_1_67' title='bbox 287 972 419 1033; x_wconf 87' lang='lat' dir='ltr'>colonus</span> <span class='ocrx_word' id='word_1_68' title='bbox 441 988 480 1032; x_wconf 80' lang='lat' dir='ltr'>ex</span> <span class='ocrx_word' id='word_1_69' title='bbox 498 971 723 1047; x_wconf 68' lang='lat' dir='ltr'>conventione,</span> <span class='ocrx_word' id='word_1_70' title='bbox 773 971 1065 1036; x_wconf 81' lang='lat' dir='ltr'>riumconseverits</span> <span class='ocrx_word' id='word_1_71' title='bbox 1082 974 1108 1035; x_wconf 85' lang='lat' dir='ltr'>si</span> <span class='ocrx_word' id='word_1_72' title='bbox 1127 975 1153 1036; x_wconf 90' lang='lat' dir='ltr'>is</span> <span class='ocrx_word' id='word_1_73' title='bbox 1170 992 1267 1038; x_wconf 89' lang='lat' dir='ltr'>messe</span> <span class='ocrx_word' id='word_1_74' title='bbox 1283 995 1364 1038; x_wconf 85' lang='lat' dir='ltr'>non·</span> 
     </span>
     <span class='ocr_line' id='line_1_10' title="bbox 135 1055 1365 1145; baseline 0.008 -27"><span class='ocrx_word' id='word_1_75' title='bbox 135 1057 222 1120; x_wconf 89' lang='lat' dir='ltr'>unde</span> <span class='ocrx_word' id='word_1_76' title='bbox 245 1077 302 1120; x_wconf 88' lang='lat' dir='ltr'>nec</span> <span class='ocrx_word' id='word_1_77' title='bbox 324 1073 540 1138; x_wconf 87' lang='lat' dir='ltr'>perceptorum</span> <span class='ocrx_word' id='word_1_78' title='bbox 560 1059 722 1122; x_wconf 88' lang='lat' dir='ltr'>fructuum</span> <span class='ocrx_word' id='word_1_79' title='bbox 772 1055 848 1122; x_wconf 91' lang='lat' dir='ltr'>dum</span> <span class='ocrx_word' id='word_1_80' title='bbox 865 1059 949 1122; x_wconf 85' lang='lat' dir='ltr'>facta</span> <span class='ocrx_word' id='word_1_81' title='bbox 962 1104 972 1137; x_wconf 88' lang='lat'>‚</span> <span class='ocrx_word' id='word_1_82' title='bbox 987 1061 1060 1125; x_wconf 88' lang='lat' dir='ltr'>licet</span> <span class='ocrx_word' id='word_1_83' title='bbox 1073 1079 1179 1144; x_wconf 78' lang='lat' dir='ltr'>segete</span> <span class='ocrx_word' id='word_1_84' title='bbox 1196 1066 1286 1126; x_wconf 85' lang='lat' dir='ltr'>messi</span> <span class='ocrx_word' id='word_1_85' title='bbox 1296 1060 1365 1145; x_wconf 81' lang='lat' dir='ltr'>jam</span> 
     </span>
     <span class='ocr_line' id='line_1_11' title="bbox 135 1142 1366 1233; baseline 0.006 -25"><span class='ocrx_word' id='word_1_86' title='bbox 135 1148 305 1222; x_wconf 85' lang='lat' dir='ltr'>quicquam</span> <span class='ocrx_word' id='word_1_87' title='bbox 328 1150 510 1211; x_wconf 80' lang='lat' dir='ltr'>restituunt.</span> <span class='ocrx_word' id='word_1_88' title='bbox 537 1142 627 1229; x_wconf 83' lang='lat' dir='ltr'>Quia</span> <span class='ocrx_word' id='word_1_89' title='bbox 656 1164 722 1211; x_wconf 84' lang='lat' dir='ltr'>au·</span> <span class='ocrx_word' id='word_1_90' title='bbox 771 1162 896 1211; x_wconf 80' lang='lat' dir='ltr'>matuta</span> <span class='ocrx_word' id='word_1_91' title='bbox 920 1147 1114 1227; x_wconf 70' lang='lat' dir='ltr'>decesseritr</span> <span class='ocrx_word' id='word_1_92' title='bbox 1135 1151 1220 1214; x_wconf 80' lang='lat' dir='ltr'>&#39;nihil</span> <span class='ocrx_word' id='word_1_93' title='bbox 1248 1155 1282 1215; x_wconf 89' lang='lat' dir='ltr'>in</span> <span class='ocrx_word' id='word_1_94' title='bbox 1312 1171 1366 1233; x_wconf 80' lang='lat' dir='ltr'>eo,</span> 
     </span>
     <span class='ocr_line' id='line_1_12' title="bbox 136 1234 1459 1323; baseline 0.008 -28"><span class='ocrx_word' id='word_1_95' title='bbox 136 1245 199 1297; x_wconf 88' lang='lat' dir='ltr'>tetn</span> <span class='ocrx_word' id='word_1_96' title='bbox 209 1234 260 1315; x_wconf 81' lang='lat' dir='ltr'>jus</span> <span class='ocrx_word' id='word_1_97' title='bbox 280 1239 315 1298; x_wconf 90' lang='lat' dir='ltr'>in</span> <span class='ocrx_word' id='word_1_98' title='bbox 331 1239 410 1300; x_wconf 86' lang='lat' dir='ltr'>solo</span> <span class='ocrx_word' id='word_1_99' title='bbox 420 1256 484 1298; x_wconf 88' lang='lat' dir='ltr'>non</span> <span class='ocrx_word' id='word_1_100' title='bbox 501 1236 638 1312; x_wconf 86' lang='lat' dir='ltr'>habent,</span> <span class='ocrx_word' id='word_1_101' title='bbox 664 1254 723 1299; x_wconf 87' lang='lat' dir='ltr'>nec</span> <span class='ocrx_word' id='word_1_102' title='bbox 771 1234 858 1312; x_wconf 90' lang='lat' dir='ltr'>quod</span> <span class='ocrx_word' id='word_1_103' title='bbox 871 1252 954 1299; x_wconf 89' lang='lat' dir='ltr'>terra</span> <span class='ocrx_word' id='word_1_104' title='bbox 966 1251 1103 1317; x_wconf 89' lang='lat' dir='ltr'>tenetur,</span> <span class='ocrx_word' id='word_1_105' title='bbox 1116 1237 1214 1304; x_wconf 79' lang='lat' dir='ltr'>haeres</span> <span class='ocrx_word' id='word_1_106' title='bbox 1230 1239 1297 1322; x_wconf 82' lang='lat' dir='ltr'>ejus</span> <span class='ocrx_word' id='word_1_107' title='bbox 1305 1239 1363 1323; x_wconf 86' lang='lat' dir='ltr'>ju·</span> <span class='ocrx_word' id='word_1_108' title='bbox 1454 1308 1459 1319; x_wconf 60' lang='grc'><strong>,</strong></span> 
     </span>
     <span class='ocr_line' id='line_1_13' title="bbox 125 1324 1367 1405; baseline 0.008 -22"><span class='ocrx_word' id='word_1_109' title='bbox 125 1325 312 1402; x_wconf 84' lang='lat' dir='ltr'>possident,</span> <span class='ocrx_word' id='word_1_110' title='bbox 328 1325 382 1388; x_wconf 88' lang='lat' dir='ltr'>sed</span> <span class='ocrx_word' id='word_1_111' title='bbox 399 1326 506 1389; x_wconf 85' lang='lat' dir='ltr'>alieno</span> <span class='ocrx_word' id='word_1_112' title='bbox 522 1339 646 1386; x_wconf 91' lang='lat' dir='ltr'>tantum</span> <span class='ocrx_word' id='word_1_113' title='bbox 659 1324 725 1384; x_wconf 86' lang='lat' dir='ltr'>uo·</span> <span class='ocrx_word' id='word_1_114' title='bbox 774 1328 816 1385; x_wconf 91' lang='lat' dir='ltr'>tis</span> <span class='ocrx_word' id='word_1_115' title='bbox 831 1325 937 1396; x_wconf 81' lang='lat' dir='ltr'>habet,</span> <span class='ocrx_word' id='word_1_116' title='bbox 949 1324 980 1387; x_wconf 78' lang='lat' dir='ltr'>d.</span> <span class='ocrx_word' id='word_1_117' title='bbox 995 1326 1016 1387; x_wconf 92' lang='grc' dir='ltr'>Ι.</span> <span class='ocrx_word' id='word_1_118' title='bbox 1034 1347 1086 1405; x_wconf 83' lang='lat'>13.</span> <span class='ocrx_word' id='word_1_119' title='bbox 1100 1328 1155 1390; x_wconf 88' lang='lat' dir='ltr'>sed</span> <span class='ocrx_word' id='word_1_120' title='bbox 1168 1343 1290 1395; x_wconf 84' lang='lat' dir='ltr'>tantum</span> <span class='ocrx_word' id='word_1_121' title='bbox 1305 1331 1367 1393; x_wconf 86' lang='lat' dir='ltr'>de·</span> 
     </span>
     <span class='ocr_line' id='line_1_14' title="bbox 135 1407 1368 1494; baseline 0.007 -22"><span class='ocrx_word' id='word_1_122' title='bbox 135 1413 219 1475; x_wconf 86' lang='lat' dir='ltr'>mine</span> <span class='ocrx_word' id='word_1_123' title='bbox 233 1434 300 1476; x_wconf 86' lang='lat' dir='ltr'>rem</span> <span class='ocrx_word' id='word_1_124' title='bbox 316 1428 444 1489; x_wconf 87' lang='lat' dir='ltr'>tenent,</span> <span class='ocrx_word' id='word_1_125' title='bbox 460 1417 489 1491; x_wconf 86' lang='lat'>§.</span> <span class='ocrx_word' id='word_1_126' title='bbox 511 1431 540 1490; x_wconf 81' lang='grc' dir='ltr'>ς.</span> <span class='ocrx_word' id='word_1_127' title='bbox 556 1431 638 1473; x_wconf 78' lang='lat' dir='ltr'>verr.</span> <span class='ocrx_word' id='word_1_128' title='bbox 646 1407 725 1487; x_wconf 85' lang='lat' dir='ltr'>fru·</span> <span class='ocrx_word' id='word_1_129' title='bbox 774 1411 870 1476; x_wconf 85' lang='lat' dir='ltr'>ducet</span> <span class='ocrx_word' id='word_1_130' title='bbox 880 1416 1035 1493; x_wconf 79' lang='lat' dir='ltr'>impensas</span> <span class='ocrx_word' id='word_1_131' title='bbox 1052 1417 1212 1481; x_wconf 86' lang='lat' dir='ltr'>fructuum</span> <span class='ocrx_word' id='word_1_132' title='bbox 1225 1435 1368 1494; x_wconf 71' lang='lat' dir='ltr'>quaten·</span> 
     </span>
     <span class='ocr_line' id='line_1_15' title="bbox 134 1499 1366 1586; baseline 0.008 -26"><span class='ocrx_word' id='word_1_133' title='bbox 134 1500 381 1580; x_wconf 61' lang='lat' dir='ltr'>orontius-,insu</span> <span class='ocrx_word' id='word_1_134' title='bbox 394 1519 449 1586; x_wconf 79' lang='lat' dir='ltr'>per</span> <span class='ocrx_word' id='word_1_135' title='bbox 463 1516 630 1586; x_wconf 81' lang='lat' dir='ltr'>quatpers.</span> <span class='ocrx_word' id='word_1_136' title='bbox 641 1499 726 1583; x_wconf 81' lang='lat' dir='ltr'>cuiq.</span> <span class='ocrx_word' id='word_1_137' title='bbox 774 1501 886 1565; x_wconf 92' lang='lat' dir='ltr'>dorum</span> <span class='ocrx_word' id='word_1_138' title='bbox 900 1505 1002 1584; x_wconf 81' lang='lat' dir='ltr'>gratia</span> <span class='ocrx_word' id='word_1_139' title='bbox 1017 1502 1134 1581; x_wconf 76' lang='lat' dir='ltr'>factas3</span> <span class='ocrx_word' id='word_1_140' title='bbox 1150 1509 1225 1582; x_wconf 83' lang='lat' dir='ltr'>quia</span> <span class='ocrx_word' id='word_1_141' title='bbox 1239 1507 1366 1571; x_wconf 80' lang='lat' dir='ltr'>fructus</span> 
     </span>
     <span class='ocr_line' id='line_1_16' title="bbox 133 1578 1366 1674; baseline 0.008 -25"><span class='ocrx_word' id='word_1_142' title='bbox 133 1608 200 1672; x_wconf 81' lang='lat' dir='ltr'>aeq.</span> <span class='ocrx_word' id='word_1_143' title='bbox 218 1611 283 1653; x_wconf 90' lang='lat' dir='ltr'>non</span> <span class='ocrx_word' id='word_1_144' title='bbox 303 1605 339 1654; x_wconf 91' lang='lat' dir='ltr'>ut</span> <span class='ocrx_word' id='word_1_145' title='bbox 355 1592 453 1654; x_wconf 59' lang='lat' dir='ltr'>bonae,</span> <span class='ocrx_word' id='word_1_146' title='bbox 467 1588 543 1652; x_wconf 85' lang='lat' dir='ltr'>fidei</span> <span class='ocrx_word' id='word_1_147' title='bbox 566 1606 723 1667; x_wconf 85' lang='lat' dir='ltr'>possesso-</span> <span class='ocrx_word' id='word_1_148' title='bbox 773 1609 836 1651; x_wconf 90' lang='lat' dir='ltr'>non</span> <span class='ocrx_word' id='word_1_149' title='bbox 851 1592 1057 1674; x_wconf 77' lang='lat' dir='ltr'>intelligitur,</span> <span class='ocrx_word' id='word_1_150' title='bbox 1075 1594 1236 1670; x_wconf 81' lang='lat' dir='ltr'>nisiquod</span> <span class='ocrx_word' id='word_1_151' title='bbox 1253 1578 1366 1659; x_wconf 86' lang='lat' dir='ltr'>dedu-</span> 
     </span>
     <span class='ocr_line' id='line_1_17' title="bbox 133 1672 1366 1766; baseline 0.006 -27"><span class='ocrx_word' id='word_1_152' title='bbox 133 1696 183 1740; x_wconf 86' lang='lat' dir='ltr'>tes</span> <span class='ocrx_word' id='word_1_153' title='bbox 197 1678 319 1744; x_wconf 89' lang='lat' dir='ltr'>fructus</span> <span class='ocrx_word' id='word_1_154' title='bbox 342 1682 512 1756; x_wconf 84' lang='lat' dir='ltr'>acquirunt</span> <span class='ocrx_word' id='word_1_155' title='bbox 534 1675 605 1758; x_wconf 91' lang='lat' dir='ltr'>jure</span> <span class='ocrx_word' id='word_1_156' title='bbox 628 1678 722 1760; x_wconf 86' lang='lat' dir='ltr'>quasi</span> <span class='ocrx_word' id='word_1_157' title='bbox 771 1682 829 1742; x_wconf 87' lang='lat' dir='ltr'>ctis</span> <span class='ocrx_word' id='word_1_158' title='bbox 841 1680 991 1758; x_wconf 85' lang='lat' dir='ltr'>impensis</span> <span class='ocrx_word' id='word_1_159' title='bbox 1002 1672 1160 1766; x_wconf 70' lang='lat' dir='ltr'>superis,</span> <span class='ocrx_word' id='word_1_160' title='bbox 1174 1681 1194 1742; x_wconf 83' lang='lat' dir='ltr'>f.</span> <span class='ocrx_word' id='word_1_161' title='bbox 1217 1703 1248 1764; x_wconf 82' lang='lat'>7.</span> <span class='ocrx_word' id='word_1_162' title='bbox 1270 1681 1366 1747; x_wconf 75' lang='lat' dir='ltr'>solut.</span> 
     </span>
     <span class='ocr_line' id='line_1_18' title="bbox 133 1764 1369 1853; baseline 0.007 -26"><span class='ocrx_word' id='word_1_163' title='bbox 133 1764 268 1832; x_wconf 89' lang='lat' dir='ltr'>dominii</span> <span class='ocrx_word' id='word_1_164' title='bbox 279 1786 335 1833; x_wconf 82' lang='lat' dir='ltr'>aut</span> <span class='ocrx_word' id='word_1_165' title='bbox 350 1772 430 1846; x_wconf 86' lang='lat' dir='ltr'>soii,</span> <span class='ocrx_word' id='word_1_166' title='bbox 444 1768 499 1833; x_wconf 84' lang='lat' dir='ltr'>sed</span> <span class='ocrx_word' id='word_1_167' title='bbox 511 1787 570 1832; x_wconf 85' lang='lat' dir='ltr'>suo</span> <span class='ocrx_word' id='word_1_168' title='bbox 581 1768 724 1845; x_wconf 84' lang='lat' dir='ltr'>ipsorum</span> <span class='ocrx_word' id='word_1_169' title='bbox 770 1781 862 1828; x_wconf 83' lang='lat' dir='ltr'>matr.</span> <span class='ocrx_word' id='word_1_170' title='bbox 876 1764 938 1853; x_wconf 67' lang='grc' dir='ltr'>(ι).</span> <span class='ocrx_word' id='word_1_171' title='bbox 951 1770 1021 1832; x_wconf 90' lang='lat' dir='ltr'>Nec</span> <span class='ocrx_word' id='word_1_172' title='bbox 1034 1773 1183 1846; x_wconf 87' lang='lat' dir='ltr'>iniquum</span> <span class='ocrx_word' id='word_1_173' title='bbox 1194 1770 1295 1834; x_wconf 88' lang='lat' dir='ltr'>videri</span> <span class='ocrx_word' id='word_1_174' title='bbox 1308 1770 1369 1836; x_wconf 85' lang='lat' dir='ltr'>de·</span> 
     </span>
     <span class='ocr_line' id='line_1_19' title="bbox 132 1852 1366 1935; baseline 0.006 -19"><span class='ocrx_word' id='word_1_175' title='bbox 132 1852 289 1921; x_wconf 81' lang='lat' dir='ltr'>duntaxat</span> <span class='ocrx_word' id='word_1_176' title='bbox 310 1859 395 1921; x_wconf 88' lang='lat' dir='ltr'>facto</span> <span class='ocrx_word' id='word_1_177' title='bbox 408 1873 440 1921; x_wconf 87' lang='lat' dir='ltr'>et</span> <span class='ocrx_word' id='word_1_178' title='bbox 463 1860 676 1935; x_wconf 77' lang='lat' dir='ltr'>perceptione.</span> <span class='ocrx_word' id='word_1_179' title='bbox 773 1856 847 1932; x_wconf 89' lang='lat' dir='ltr'>bet,</span> <span class='ocrx_word' id='word_1_180' title='bbox 861 1855 948 1930; x_wconf 84' lang='lat' dir='ltr'>quod</span> <span class='ocrx_word' id='word_1_181' title='bbox 963 1856 1110 1919; x_wconf 87' lang='lat' dir='ltr'>dominus</span> <span class='ocrx_word' id='word_1_182' title='bbox 1128 1858 1222 1921; x_wconf 89' lang='lat' dir='ltr'>fundi</span> <span class='ocrx_word' id='word_1_183' title='bbox 1247 1859 1287 1923; x_wconf 82' lang='lat' dir='ltr'>ad</span> <span class='ocrx_word' id='word_1_184' title='bbox 1305 1863 1366 1922; x_wconf 86' lang='lat' dir='ltr'>lu·</span> 
     </span>
     <span class='ocr_line' id='line_1_20' title="bbox 181 1943 1366 2031; baseline 0.003 -24"><span class='ocrx_word' id='word_1_185' title='bbox 181 1964 199 2007; x_wconf 80' lang='lat'>2</span> <span class='ocrx_word' id='word_1_186' title='bbox 248 1944 405 2031; x_wconf 80' lang='lat' dir='ltr'>(Quanti</span> <span class='ocrx_word' id='word_1_187' title='bbox 427 1946 494 2028; x_wconf 80' lang='lat' dir='ltr'>ipse</span> <span class='ocrx_word' id='word_1_188' title='bbox 513 1964 562 2007; x_wconf 84' lang='lat' dir='ltr'>eor</span> <span class='ocrx_word' id='word_1_189' title='bbox 572 1958 722 2026; x_wconf 69' lang='lat' dir='ltr'>percepe-</span> <span class='ocrx_word' id='word_1_190' title='bbox 771 1962 874 2025; x_wconf 84' lang='lat' dir='ltr'>crum,</span> <span class='ocrx_word' id='word_1_191' title='bbox 888 1943 1054 2006; x_wconf 78' lang='lat' dir='ltr'>fructuarii</span> <span class='ocrx_word' id='word_1_192' title='bbox 1068 1947 1176 2006; x_wconf 84' lang='lat' dir='ltr'>labore</span> <span class='ocrx_word' id='word_1_193' title='bbox 1188 1961 1221 2009; x_wconf 85' lang='lat' dir='ltr'>et</span> <span class='ocrx_word' id='word_1_194' title='bbox 1233 1961 1366 2023; x_wconf 80' lang='lat' dir='ltr'>sumptu</span> 
     </span>
     <span class='ocr_line' id='line_1_21' title="bbox 132 2028 1368 2117; baseline 0.004 -25"><span class='ocrx_word' id='word_1_195' title='bbox 132 2028 203 2117; x_wconf 75' lang='lat' dir='ltr'>rit).</span> <span class='ocrx_word' id='word_1_196' title='bbox 220 2033 324 2096; x_wconf 84' lang='lat' dir='ltr'>Fiunt</span> <span class='ocrx_word' id='word_1_197' title='bbox 340 2033 471 2109; x_wconf 83' lang='lat' dir='ltr'>quidem</span> <span class='ocrx_word' id='word_1_198' title='bbox 487 2033 655 2096; x_wconf 83' lang='lat' dir='ltr'>fructuarii</span> <span class='ocrx_word' id='word_1_199' title='bbox 670 2044 725 2093; x_wconf 88' lang='lat' dir='ltr'>et·</span> <span class='ocrx_word' id='word_1_200' title='bbox 774 2045 900 2106; x_wconf 87' lang='lat' dir='ltr'>parturn</span> <span class='ocrx_word' id='word_1_201' title='bbox 913 2047 1042 2096; x_wconf 88' lang='lat' dir='ltr'>vocetur</span> <span class='ocrx_word' id='word_1_202' title='bbox 1054 2054 1063 2094; x_wconf 82' lang='lat' dir='ltr'>r</span> <span class='ocrx_word' id='word_1_203' title='bbox 1075 2034 1193 2111; x_wconf 86' lang='lat' dir='ltr'>quippe</span> <span class='ocrx_word' id='word_1_204' title='bbox 1207 2052 1277 2096; x_wconf 90' lang='lat' dir='ltr'>cum</span> <span class='ocrx_word' id='word_1_205' title='bbox 1289 2051 1368 2097; x_wconf 87' lang='lat' dir='ltr'>con·</span> 
     </span>
     <span class='ocr_line' id='line_1_22' title="bbox 87 2119 1364 2200; baseline 0.003 -20"><span class='ocrx_word' id='word_1_206' title='bbox 87 2168 95 2181; x_wconf 41' lang='lat' dir='ltr'>t</span> <span class='ocrx_word' id='word_1_207' title='bbox 130 2121 197 2183; x_wconf 86' lang='lat' dir='ltr'>iam</span> <span class='ocrx_word' id='word_1_208' title='bbox 209 2123 280 2198; x_wconf 79' lang='lat' dir='ltr'>sola</span> <span class='ocrx_word' id='word_1_209' title='bbox 293 2124 509 2200; x_wconf 79' lang='lat' dir='ltr'>perceptione,</span> <span class='ocrx_word' id='word_1_210' title='bbox 521 2121 582 2189; x_wconf 87' lang='lat' dir='ltr'>hoc</span> <span class='ocrx_word' id='word_1_211' title='bbox 596 2134 652 2195; x_wconf 92' lang='lat' dir='ltr'>est,</span> <span class='ocrx_word' id='word_1_212' title='bbox 663 2136 722 2181; x_wconf 88' lang='lat' dir='ltr'>sta·</span> <span class='ocrx_word' id='word_1_213' title='bbox 774 2131 820 2183; x_wconf 88' lang='lat' dir='ltr'>tta</span> <span class='ocrx_word' id='word_1_214' title='bbox 845 2119 1044 2198; x_wconf 86' lang='lat' dir='ltr'>fructuario,</span> <span class='ocrx_word' id='word_1_215' title='bbox 1067 2122 1213 2196; x_wconf 81' lang='lat' dir='ltr'>quamvis</span> <span class='ocrx_word' id='word_1_216' title='bbox 1231 2123 1364 2189; x_wconf 76' lang='lat' dir='ltr'>minima</span> 
     </span>
     <span class='ocr_line' id='line_1_23' title="bbox 131 2209 1366 2288; baseline 0.005 -19"><span class='ocrx_word' id='word_1_217' title='bbox 131 2209 189 2272; x_wconf 91' lang='lat' dir='ltr'>tim</span> <span class='ocrx_word' id='word_1_218' title='bbox 206 2223 305 2285; x_wconf 87' lang='lat' dir='ltr'>atque</span> <span class='ocrx_word' id='word_1_219' title='bbox 317 2213 334 2272; x_wconf 81' lang='lat' dir='ltr'>d</span> <span class='ocrx_word' id='word_1_220' title='bbox 347 2214 417 2272; x_wconf 51' lang='lat' dir='ltr'>¹solo</span> <span class='ocrx_word' id='word_1_221' title='bbox 431 2227 486 2273; x_wconf 86' lang='lat' dir='ltr'>aut</span> <span class='ocrx_word' id='word_1_222' title='bbox 501 2229 544 2286; x_wconf 87' lang='lat' dir='ltr'>te,</span> <span class='ocrx_word' id='word_1_223' title='bbox 558 2227 621 2283; x_wconf 88' lang='lat' dir='ltr'>qua</span> <span class='ocrx_word' id='word_1_224' title='bbox 633 2223 722 2269; x_wconf 87' lang='lat' dir='ltr'>tene·</span> <span class='ocrx_word' id='word_1_225' title='bbox 770 2222 859 2287; x_wconf 82' lang='lat' dir='ltr'>parte</span> <span class='ocrx_word' id='word_1_226' title='bbox 872 2210 963 2286; x_wconf 89' lang='lat' dir='ltr'>primi</span> <span class='ocrx_word' id='word_1_227' title='bbox 978 2223 1034 2272; x_wconf 83' lang='lat' dir='ltr'>aut</span> <span class='ocrx_word' id='word_1_228' title='bbox 1048 2213 1195 2288; x_wconf 81' lang='lat' dir='ltr'>postremi</span> <span class='ocrx_word' id='word_1_229' title='bbox 1208 2213 1284 2272; x_wconf 86' lang='lat' dir='ltr'>anni</span> <span class='ocrx_word' id='word_1_230' title='bbox 1296 2226 1366 2275; x_wconf 80' lang='lat' dir='ltr'>ste·</span> 
     </span>
     <span class='ocr_line' id='line_1_24' title="bbox 131 2295 1363 2381; baseline 0.002 -21"><span class='ocrx_word' id='word_1_231' title='bbox 131 2295 266 2376; x_wconf 78' lang='lat' dir='ltr'>bantur,</span> <span class='ocrx_word' id='word_1_232' title='bbox 280 2302 413 2377; x_wconf 85' lang='lat' dir='ltr'>separati</span> <span class='ocrx_word' id='word_1_233' title='bbox 433 2313 526 2381; x_wconf 76' lang='lat' dir='ltr'>sunt,</span> <span class='ocrx_word' id='word_1_234' title='bbox 543 2311 618 2375; x_wconf 85' lang='lat' dir='ltr'>puta</span> <span class='ocrx_word' id='word_1_235' title='bbox 633 2297 720 2374; x_wconf 85' lang='lat' dir='ltr'>spica</span> <span class='ocrx_word' id='word_1_236' title='bbox 770 2300 842 2360; x_wconf 87' lang='lat' dir='ltr'>terit</span> <span class='ocrx_word' id='word_1_237' title='bbox 858 2297 1073 2376; x_wconf 84' lang='lat' dir='ltr'>ususfructus,</span> <span class='ocrx_word' id='word_1_238' title='bbox 1090 2301 1124 2361; x_wconf 89' lang='lat' dir='ltr'>in</span> <span class='ocrx_word' id='word_1_239' title='bbox 1142 2298 1279 2362; x_wconf 85' lang='lat' dir='ltr'>soiidum</span> <span class='ocrx_word' id='word_1_240' title='bbox 1297 2301 1363 2362; x_wconf 87' lang='lat' dir='ltr'>tri-</span> 
     </span>
     <span class='ocr_line' id='line_1_25' title="bbox 131 2386 1365 2466; baseline 0.006 -20"><span class='ocrx_word' id='word_1_241' title='bbox 131 2401 186 2448; x_wconf 90' lang='lat' dir='ltr'>aut</span> <span class='ocrx_word' id='word_1_242' title='bbox 203 2387 295 2453; x_wconf 83' lang='lat' dir='ltr'>furno</span> <span class='ocrx_word' id='word_1_243' title='bbox 308 2408 399 2465; x_wconf 83' lang='lat' dir='ltr'>caeso,</span> <span class='ocrx_word' id='word_1_244' title='bbox 412 2409 475 2452; x_wconf 80' lang='lat' dir='ltr'>uua</span> <span class='ocrx_word' id='word_1_245' title='bbox 489 2386 647 2463; x_wconf 88' lang='lat' dir='ltr'>adempta,</span> <span class='ocrx_word' id='word_1_246' title='bbox 659 2405 721 2448; x_wconf 83' lang='lat' dir='ltr'>ex·</span> <span class='ocrx_word' id='word_1_247' title='bbox 770 2386 909 2451; x_wconf 81' lang='lat' dir='ltr'>buentur</span> <span class='ocrx_word' id='word_1_248' title='bbox 924 2387 1045 2452; x_wconf 87' lang='lat' dir='ltr'>fructus</span> <span class='ocrx_word' id='word_1_249' title='bbox 1061 2387 1251 2466; x_wconf 65' lang='lat' dir='ltr'>pendentes,</span> <span class='ocrx_word' id='word_1_250' title='bbox 1265 2391 1365 2454; x_wconf 79' lang='lat' dir='ltr'>etiam</span> 
     </span>
     <span class='ocr_line' id='line_1_26' title="bbox 89 2475 1363 2553; baseline 0.002 -16"><span class='ocrx_word' id='word_1_251' title='bbox 89 2508 93 2519; x_wconf 77' lang='lat'>,</span> <span class='ocrx_word' id='word_1_252' title='bbox 132 2493 207 2538; x_wconf 81' lang='lat' dir='ltr'>cusa</span> <span class='ocrx_word' id='word_1_253' title='bbox 234 2478 332 2552; x_wconf 80' lang='lat' dir='ltr'>olea,</span> <span class='ocrx_word' id='word_1_254' title='bbox 358 2478 430 2539; x_wconf 85' lang='lat' dir='ltr'>lana</span> <span class='ocrx_word' id='word_1_255' title='bbox 458 2475 612 2549; x_wconf 85' lang='lat' dir='ltr'>detonsa,</span> <span class='ocrx_word' id='word_1_256' title='bbox 639 2475 721 2535; x_wconf 84' lang='lat' dir='ltr'>lacte</span> <span class='ocrx_word' id='word_1_257' title='bbox 771 2495 828 2552; x_wconf 89' lang='lat' dir='ltr'>pto</span> <span class='ocrx_word' id='word_1_258' title='bbox 839 2495 876 2537; x_wconf 87' lang='lat' dir='ltr'>ea</span> <span class='ocrx_word' id='word_1_259' title='bbox 890 2490 987 2553; x_wconf 87' lang='lat' dir='ltr'>parte,</span> <span class='ocrx_word' id='word_1_260' title='bbox 999 2496 1061 2551; x_wconf 89' lang='lat' dir='ltr'>qua</span> <span class='ocrx_word' id='word_1_261' title='bbox 1081 2477 1280 2539; x_wconf 82' lang='lat' dir='ltr'>ususfructus</span> <span class='ocrx_word' id='word_1_262' title='bbox 1294 2496 1363 2541; x_wconf 82' lang='lat' dir='ltr'>nun</span> 
     </span>
     <span class='ocr_line' id='line_1_27' title="bbox 131 2559 1409 2642; baseline -0.005 -17"><span class='ocrx_word' id='word_1_263' title='bbox 131 2566 247 2627; x_wconf 83' lang='lat' dir='ltr'>mulso.</span> <span class='ocrx_word' id='word_1_264' title='bbox 265 2565 424 2627; x_wconf 73' lang='lat' dir='ltr'>Caeterum</span> <span class='ocrx_word' id='word_1_265' title='bbox 439 2583 502 2624; x_wconf 88' lang='lat' dir='ltr'>non</span> <span class='ocrx_word' id='word_1_266' title='bbox 513 2563 616 2638; x_wconf 86' lang='lat' dir='ltr'>aliter,</span> <span class='ocrx_word' id='word_1_267' title='bbox 627 2578 723 2634; x_wconf 85' lang='lat' dir='ltr'>quant</span> <span class='ocrx_word' id='word_1_268' title='bbox 771 2576 929 2642; x_wconf 78' lang='lat' dir='ltr'>coeperat,</span> <span class='ocrx_word' id='word_1_269' title='bbox 944 2563 965 2623; x_wconf 96' lang='grc' dir='ltr'>Ι.</span> <span class='ocrx_word' id='word_1_270' title='bbox 983 2582 1036 2641; x_wconf 81' lang='lat'>27.</span> <span class='ocrx_word' id='word_1_271' title='bbox 1052 2562 1089 2622; x_wconf 80' lang='lat' dir='ltr'>de</span> <span class='ocrx_word' id='word_1_272' title='bbox 1103 2559 1190 2637; x_wconf 79' lang='lat' dir='ltr'>urus.</span> <span class='ocrx_word' id='word_1_273' title='bbox 1403 2632 1409 2642; x_wconf 24' lang='grc' dir='ltr'><strong><em>ο</em></strong></span> 
     </span>
     <span class='ocr_line' id='line_1_28' title="bbox 130 2644 1365 2733; baseline -0.002 -19"><span class='ocrx_word' id='word_1_274' title='bbox 130 2654 158 2714; x_wconf 84' lang='lat' dir='ltr'>si</span> <span class='ocrx_word' id='word_1_275' title='bbox 180 2655 250 2731; x_wconf 87' lang='lat' dir='ltr'>ipse</span> <span class='ocrx_word' id='word_1_276' title='bbox 278 2672 330 2714; x_wconf 89' lang='lat' dir='ltr'>eos</span> <span class='ocrx_word' id='word_1_277' title='bbox 346 2644 396 2715; x_wconf 78' lang='lat' dir='ltr'>vei</span> <span class='ocrx_word' id='word_1_278' title='bbox 413 2651 496 2731; x_wconf 84' lang='lat' dir='ltr'>alius</span> <span class='ocrx_word' id='word_1_279' title='bbox 512 2648 578 2728; x_wconf 84' lang='lat' dir='ltr'>ejus</span> <span class='ocrx_word' id='word_1_280' title='bbox 596 2650 723 2711; x_wconf 85' lang='lat' dir='ltr'>nomine</span> <span class='ocrx_word' id='word_1_281' title='bbox 817 2673 840 2733; x_wconf 91' lang='lat'>4</span> <span class='ocrx_word' id='word_1_282' title='bbox 886 2650 963 2711; x_wconf 91' lang='lat' dir='ltr'>Non</span> <span class='ocrx_word' id='word_1_283' title='bbox 979 2651 1080 2710; x_wconf 78' lang='lat' dir='ltr'>ubstat</span> <span class='ocrx_word' id='word_1_284' title='bbox 1096 2650 1275 2726; x_wconf 80' lang='lat' dir='ltr'>exemplum</span> <span class='ocrx_word' id='word_1_285' title='bbox 1291 2667 1365 2713; x_wconf 83' lang='lat' dir='ltr'>ma-</span> 
     </span>
     <span class='ocr_line' id='line_1_29' title="bbox 130 2735 1364 2821; baseline 0.001 -19"><span class='ocrx_word' id='word_1_286' title='bbox 130 2738 350 2820; x_wconf 83' lang='lat' dir='ltr'>sepataverit,</span> <span class='ocrx_word' id='word_1_287' title='bbox 366 2739 388 2802; x_wconf 90' lang='grc' dir='ltr'>Ι.</span> <span class='ocrx_word' id='word_1_288' title='bbox 417 2760 428 2801; x_wconf 82' lang='grc' dir='ltr'>ι</span> <span class='ocrx_word' id='word_1_289' title='bbox 437 2759 468 2816; x_wconf 87' lang='lat'>3.</span> <span class='ocrx_word' id='word_1_290' title='bbox 483 2736 566 2821; x_wconf 83' lang='lat' dir='ltr'>quib.</span> <span class='ocrx_word' id='word_1_291' title='bbox 583 2735 658 2796; x_wconf 83' lang='lat' dir='ltr'>mod.</span> <span class='ocrx_word' id='word_1_292' title='bbox 677 2755 725 2797; x_wconf 84' lang='lat' dir='ltr'>ut.</span> <span class='ocrx_word' id='word_1_293' title='bbox 774 2738 826 2799; x_wconf 87' lang='lat' dir='ltr'>titi</span> <span class='ocrx_word' id='word_1_294' title='bbox 838 2739 874 2798; x_wconf 92' lang='lat' dir='ltr'>in</span> <span class='ocrx_word' id='word_1_295' title='bbox 891 2735 1046 2799; x_wconf 85' lang='lat' dir='ltr'>fructibus</span> <span class='ocrx_word' id='word_1_296' title='bbox 1062 2738 1107 2798; x_wconf 88' lang='lat' dir='ltr'>tei</span> <span class='ocrx_word' id='word_1_297' title='bbox 1125 2736 1266 2815; x_wconf 85' lang='lat' dir='ltr'>dotalis,</span> <span class='ocrx_word' id='word_1_298' title='bbox 1281 2756 1364 2813; x_wconf 72' lang='lat' dir='ltr'>quos</span> 
     </span>
     <span class='ocr_line' id='line_1_30' title="bbox 132 2823 1369 2910; baseline -0.001 -19"><span class='ocrx_word' id='word_1_299' title='bbox 132 2849 197 2891; x_wconf 78' lang='lat' dir='ltr'>ortt.</span> <span class='ocrx_word' id='word_1_300' title='bbox 222 2828 328 2910; x_wconf 86' lang='lat' dir='ltr'>Quod</span> <span class='ocrx_word' id='word_1_301' title='bbox 352 2830 378 2890; x_wconf 89' lang='lat' dir='ltr'>si</span> <span class='ocrx_word' id='word_1_302' title='bbox 405 2844 516 2906; x_wconf 88' lang='lat' dir='ltr'>sponte</span> <span class='ocrx_word' id='word_1_303' title='bbox 540 2823 727 2907; x_wconf 85' lang='lat' dir='ltr'>deciderint,</span> <span class='ocrx_word' id='word_1_304' title='bbox 775 2826 879 2903; x_wconf 80' lang='lat' dir='ltr'>placet</span> <span class='ocrx_word' id='word_1_305' title='bbox 898 2826 1005 2886; x_wconf 86' lang='lat' dir='ltr'>soluto</span> <span class='ocrx_word' id='word_1_306' title='bbox 1035 2825 1235 2897; x_wconf 85' lang='lat' dir='ltr'>matrimonio</span> <span class='ocrx_word' id='word_1_307' title='bbox 1259 2826 1369 2899; x_wconf 82' lang='lat' dir='ltr'>diuidi</span> 
     </span>
     <span class='ocr_line' id='line_1_31' title="bbox 133 2910 1369 2993; baseline -0.001 -14"><span class='ocrx_word' id='word_1_308' title='bbox 133 2932 192 2980; x_wconf 84' lang='lat' dir='ltr'>aut</span> <span class='ocrx_word' id='word_1_309' title='bbox 207 2919 295 2979; x_wconf 87' lang='lat' dir='ltr'>alius</span> <span class='ocrx_word' id='word_1_310' title='bbox 310 2935 364 2978; x_wconf 87' lang='lat' dir='ltr'>eos</span> <span class='ocrx_word' id='word_1_311' title='bbox 382 2936 441 2978; x_wconf 87' lang='lat' dir='ltr'>suo</span> <span class='ocrx_word' id='word_1_312' title='bbox 457 2916 582 2975; x_wconf 89' lang='lat' dir='ltr'>nomine</span> <span class='ocrx_word' id='word_1_313' title='bbox 596 2930 728 2988; x_wconf 86' lang='lat' dir='ltr'>separa·</span> <span class='ocrx_word' id='word_1_314' title='bbox 776 2914 857 2975; x_wconf 90' lang='lat' dir='ltr'>inter</span> <span class='ocrx_word' id='word_1_315' title='bbox 879 2914 1026 2977; x_wconf 85' lang='lat' dir='ltr'>maritum</span> <span class='ocrx_word' id='word_1_316' title='bbox 1050 2929 1106 2975; x_wconf 86' lang='lat' dir='ltr'>aut</span> <span class='ocrx_word' id='word_1_317' title='bbox 1128 2910 1198 2992; x_wconf 85' lang='lat' dir='ltr'>ejus</span> <span class='ocrx_word' id='word_1_318' title='bbox 1216 2912 1369 2993; x_wconf 77' lang='lat' dir='ltr'>haeredes,</span> 
     </span>
     <span class='ocr_line' id='line_1_32' title="bbox 134 2993 1366 3092; baseline -0.002 -23"><span class='ocrx_word' id='word_1_319' title='bbox 134 3008 242 3081; x_wconf 77' lang='lat' dir='ltr'>verit,</span> <span class='ocrx_word' id='word_1_320' title='bbox 263 3023 327 3066; x_wconf 93' lang='lat' dir='ltr'>non</span> <span class='ocrx_word' id='word_1_321' title='bbox 345 3009 432 3083; x_wconf 86' lang='lat' dir='ltr'>prius</span> <span class='ocrx_word' id='word_1_322' title='bbox 445 3003 611 3066; x_wconf 84' lang='lat' dir='ltr'>fructuarii</span> <span class='ocrx_word' id='word_1_323' title='bbox 631 2993 726 3085; x_wconf 82' lang='lat' dir='ltr'>fiunt,</span> <span class='ocrx_word' id='word_1_324' title='bbox 775 3015 952 3092; x_wconf 25' lang='lat' dir='ltr'>etnuxotem</span> <span class='ocrx_word' id='word_1_325' title='bbox 967 3021 1023 3080; x_wconf 86' lang='lat' dir='ltr'>pto</span> <span class='ocrx_word' id='word_1_326' title='bbox 1038 3015 1104 3064; x_wconf 80' lang='lat' dir='ltr'>rata</span> <span class='ocrx_word' id='word_1_327' title='bbox 1119 3006 1282 3088; x_wconf 77' lang='lat' dir='ltr'>temporis,</span> <span class='ocrx_word' id='word_1_328' title='bbox 1296 3022 1366 3079; x_wconf 86' lang='lat' dir='ltr'>quo</span> 
     </span>
     <span class='ocr_line' id='line_1_33' title="bbox 135 3091 1367 3172; baseline -0.004 -13"><span class='ocrx_word' id='word_1_329' title='bbox 135 3112 360 3170; x_wconf 4' lang='lat' dir='ltr'>quampeorum</span> <span class='ocrx_word' id='word_1_330' title='bbox 378 3095 603 3172; x_wconf 87' lang='lat' dir='ltr'>possessionem</span> <span class='ocrx_word' id='word_1_331' title='bbox 616 3104 728 3152; x_wconf 89' lang='lat' dir='ltr'>nactus</span> <span class='ocrx_word' id='word_1_332' title='bbox 778 3094 1012 3153; x_wconf 83' lang='lat' dir='ltr'>matrimonium</span> <span class='ocrx_word' id='word_1_333' title='bbox 1039 3094 1160 3167; x_wconf 84' lang='lat' dir='ltr'>stetit,</span> <span class='ocrx_word' id='word_1_334' title='bbox 1195 3093 1262 3154; x_wconf 83' lang='lat' dir='ltr'>sive</span> <span class='ocrx_word' id='word_1_335' title='bbox 1290 3091 1367 3154; x_wconf 83' lang='lat' dir='ltr'>fru-</span> 
     </span>
     <span class='ocr_line' id='line_1_34' title="bbox 137 3167 1370 3260; baseline 0 -16"><span class='ocrx_word' id='word_1_336' title='bbox 137 3185 195 3253; x_wconf 70' lang='lat' dir='ltr'>titt</span> <span class='ocrx_word' id='word_1_337' title='bbox 210 3194 288 3260; x_wconf 80' lang='lat' dir='ltr'>quae</span> <span class='ocrx_word' id='word_1_338' title='bbox 302 3184 393 3245; x_wconf 87' lang='lat' dir='ltr'>aliter</span> <span class='ocrx_word' id='word_1_339' title='bbox 409 3203 442 3244; x_wconf 89' lang='lat' dir='ltr'>se</span> <span class='ocrx_word' id='word_1_340' title='bbox 460 3167 623 3244; x_wconf 79' lang='lat' dir='ltr'>habentin</span> <span class='ocrx_word' id='word_1_341' title='bbox 636 3179 728 3240; x_wconf 82' lang='lat' dir='ltr'>bonae</span> <span class='ocrx_word' id='word_1_342' title='bbox 776 3193 845 3241; x_wconf 86' lang='lat' dir='ltr'>ctus</span> <span class='ocrx_word' id='word_1_343' title='bbox 856 3174 880 3242; x_wconf 73' lang='lat' dir='ltr'>&#39;d</span> <span class='ocrx_word' id='word_1_344' title='bbox 899 3181 1011 3242; x_wconf 87' lang='lat' dir='ltr'>marito</span> <span class='ocrx_word' id='word_1_345' title='bbox 1027 3182 1090 3240; x_wconf 87' lang='lat' dir='ltr'>sint</span> <span class='ocrx_word' id='word_1_346' title='bbox 1112 3181 1271 3259; x_wconf 86' lang='lat' dir='ltr'>percepti,</span> <span class='ocrx_word' id='word_1_347' title='bbox 1297 3183 1370 3246; x_wconf 77' lang='lat' dir='ltr'>sive</span> 
     </span>
     <span class='ocr_line' id='line_1_35' title="bbox 140 3267 1368 3355; baseline 0.003 -23"><span class='ocrx_word' id='word_1_348' title='bbox 140 3268 216 3334; x_wconf 82' lang='lat' dir='ltr'>fidei</span> <span class='ocrx_word' id='word_1_349' title='bbox 248 3290 454 3351; x_wconf 82' lang='lat' dir='ltr'>possessore,</span> <span class='ocrx_word' id='word_1_350' title='bbox 493 3285 528 3331; x_wconf 90' lang='lat' dir='ltr'>ut</span> <span class='ocrx_word' id='word_1_351' title='bbox 563 3267 730 3329; x_wconf 87' lang='lat' dir='ltr'>docuimus</span> <span class='ocrx_word' id='word_1_352' title='bbox 778 3267 978 3344; x_wconf 84' lang='lat' dir='ltr'>nonsint,f.</span> <span class='ocrx_word' id='word_1_353' title='bbox 996 3287 1026 3346; x_wconf 88' lang='lat'>7.</span> <span class='ocrx_word' id='word_1_354' title='bbox 1049 3267 1077 3350; x_wconf 89' lang='lat'>§.</span> <span class='ocrx_word' id='word_1_355' title='bbox 1098 3280 1174 3329; x_wconf 72' lang='lat' dir='ltr'>met</span> <span class='ocrx_word' id='word_1_356' title='bbox 1194 3287 1257 3355; x_wconf 81' lang='lat' dir='ltr'>seq.</span> <span class='ocrx_word' id='word_1_357' title='bbox 1275 3268 1368 3336; x_wconf 79' lang='lat' dir='ltr'>solut·</span> 
     </span>
     <span class='ocr_line' id='line_1_36' title="bbox 141 3353 1368 3442; baseline 0.002 -22"><span class='ocrx_word' id='word_1_358' title='bbox 141 3359 320 3442; x_wconf 70' lang='lat' dir='ltr'>§.praeced</span> <span class='ocrx_word' id='word_1_359' title='bbox 342 3362 437 3421; x_wconf 81' lang='lat' dir='ltr'>Plane</span> <span class='ocrx_word' id='word_1_360' title='bbox 454 3361 488 3418; x_wconf 93' lang='lat' dir='ltr'>in</span> <span class='ocrx_word' id='word_1_361' title='bbox 506 3357 587 3419; x_wconf 87' lang='lat' dir='ltr'>foetu</span> <span class='ocrx_word' id='word_1_362' title='bbox 605 3357 730 3417; x_wconf 85' lang='lat' dir='ltr'>anima·</span> <span class='ocrx_word' id='word_1_363' title='bbox 757 3369 870 3416; x_wconf 67' lang='lat' dir='ltr'>man.</span> <span class='ocrx_word' id='word_1_364' title='bbox 892 3353 913 3416; x_wconf 88' lang='grc' dir='ltr'>Ι.</span> <span class='ocrx_word' id='word_1_365' title='bbox 936 3353 1014 3417; x_wconf 80' lang='lat' dir='ltr'>unio.</span> <span class='ocrx_word' id='word_1_366' title='bbox 1036 3357 1066 3439; x_wconf 84' lang='lat'>§.</span> <span class='ocrx_word' id='word_1_367' title='bbox 1083 3375 1113 3433; x_wconf 89' lang='lat'>9.</span> <span class='ocrx_word' id='word_1_368' title='bbox 1129 3357 1165 3420; x_wconf 84' lang='lat' dir='ltr'>C.</span> <span class='ocrx_word' id='word_1_369' title='bbox 1184 3356 1221 3418; x_wconf 82' lang='lat' dir='ltr'>de</span> <span class='ocrx_word' id='word_1_370' title='bbox 1244 3358 1291 3421; x_wconf 81' lang='lat' dir='ltr'>rei</span> <span class='ocrx_word' id='word_1_371' title='bbox 1311 3379 1368 3425; x_wconf 74' lang='lat' dir='ltr'>ute.</span> 
     </span>
     <span class='ocr_line' id='line_1_37' title="bbox 136 3438 1368 3531; baseline 0.001 -23"><span class='ocrx_word' id='word_1_372' title='bbox 136 3447 220 3512; x_wconf 73' lang='lat' dir='ltr'>&#39;lium</span> <span class='ocrx_word' id='word_1_373' title='bbox 249 3447 364 3510; x_wconf 85' lang='lat' dir='ltr'>eadem</span> <span class='ocrx_word' id='word_1_374' title='bbox 391 3449 558 3510; x_wconf 86' lang='lat' dir='ltr'>fructuarii</span> <span class='ocrx_word' id='word_1_375' title='bbox 581 3454 614 3507; x_wconf 91' lang='lat' dir='ltr'>et</span> <span class='ocrx_word' id='word_1_376' title='bbox 639 3442 731 3504; x_wconf 75' lang='lat' dir='ltr'>bonae</span> <span class='ocrx_word' id='word_1_377' title='bbox 764 3457 840 3505; x_wconf 68' lang='lat' dir='ltr'>oct.</span> <span class='ocrx_word' id='word_1_378' title='bbox 854 3438 914 3531; x_wconf 62' lang='lat' dir='ltr'>(pi</span> <span class='ocrx_word' id='word_1_379' title='bbox 929 3444 1054 3506; x_wconf 83' lang='lat' dir='ltr'>Etenim</span> <span class='ocrx_word' id='word_1_380' title='bbox 1068 3443 1284 3509; x_wconf 87' lang='lat' dir='ltr'>fructusdoris</span> <span class='ocrx_word' id='word_1_381' title='bbox 1301 3466 1368 3509; x_wconf 87' lang='lat' dir='ltr'>non</span> 
     </span>
     <span class='ocr_line' id='line_1_38' title="bbox 103 3531 1367 3617; baseline -0.001 -20"><span class='ocrx_word' id='word_1_382' title='bbox 103 3572 105 3575; x_wconf 79' lang='grc'><em>·</em></span> <span class='ocrx_word' id='word_1_383' title='bbox 141 3533 216 3600; x_wconf 82' lang='lat' dir='ltr'>fidei</span> <span class='ocrx_word' id='word_1_384' title='bbox 234 3538 420 3617; x_wconf 87' lang='lat' dir='ltr'>possessoris</span> <span class='ocrx_word' id='word_1_385' title='bbox 434 3536 484 3596; x_wconf 86' lang='lat' dir='ltr'>hic</span> <span class='ocrx_word' id='word_1_386' title='bbox 499 3535 580 3597; x_wconf 88' lang='lat' dir='ltr'>ratio</span> <span class='ocrx_word' id='word_1_387' title='bbox 593 3546 656 3608; x_wconf 91' lang='lat' dir='ltr'>est,</span> <span class='ocrx_word' id='word_1_388' title='bbox 668 3549 732 3593; x_wconf 87' lang='lat' dir='ltr'>sta·</span> <span class='ocrx_word' id='word_1_389' title='bbox 780 3531 853 3594; x_wconf 88' lang='lat' dir='ltr'>ideo</span> <span class='ocrx_word' id='word_1_390' title='bbox 865 3534 977 3593; x_wconf 86' lang='lat' dir='ltr'>marito</span> <span class='ocrx_word' id='word_1_391' title='bbox 989 3531 1118 3611; x_wconf 85' lang='lat' dir='ltr'>cedunt,</span> <span class='ocrx_word' id='word_1_392' title='bbox 1130 3537 1206 3610; x_wconf 86' lang='lat' dir='ltr'>quia</span> <span class='ocrx_word' id='word_1_393' title='bbox 1218 3553 1273 3595; x_wconf 85' lang='lat' dir='ltr'>eos</span> <span class='ocrx_word' id='word_1_394' title='bbox 1289 3553 1367 3610; x_wconf 77' lang='lat' dir='ltr'>per-</span> 
     </span>
     <span class='ocr_line' id='line_1_39' title="bbox 130 3620 1369 3703; baseline -0.002 -17"><span class='ocrx_word' id='word_1_395' title='bbox 130 3628 268 3702; x_wconf 80' lang='lat' dir='ltr'>&#39;timque</span> <span class='ocrx_word' id='word_1_396' title='bbox 289 3640 326 3688; x_wconf 89' lang='lat' dir='ltr'>ut</span> <span class='ocrx_word' id='word_1_397' title='bbox 351 3623 456 3687; x_wconf 81' lang='lat' dir='ltr'>editus</span> <span class='ocrx_word' id='word_1_398' title='bbox 480 3639 543 3691; x_wconf 79' lang='lat' dir='ltr'>est,</span> <span class='ocrx_word' id='word_1_399' title='bbox 567 3621 732 3703; x_wconf 87' lang='lat' dir='ltr'>fructuarii</span> <span class='ocrx_word' id='word_1_400' title='bbox 780 3620 940 3698; x_wconf 62' lang='lat' dir='ltr'>captured</span> <span class='ocrx_word' id='word_1_401' title='bbox 956 3637 1078 3699; x_wconf 84' lang='lat' dir='ltr'>propter</span> <span class='ocrx_word' id='word_1_402' title='bbox 1093 3641 1191 3685; x_wconf 89' lang='lat' dir='ltr'>onera</span> <span class='ocrx_word' id='word_1_403' title='bbox 1206 3624 1369 3685; x_wconf 75' lang='lat' dir='ltr'>matrimo-</span> 
     </span>
     <span class='ocr_line' id='line_1_40' title="bbox 146 3706 1370 3789; baseline -0.002 -17"><span class='ocrx_word' id='word_1_404' title='bbox 146 3710 199 3788; x_wconf 81' lang='lat' dir='ltr'>fir,</span> <span class='ocrx_word' id='word_1_405' title='bbox 213 3714 236 3775; x_wconf 94' lang='grc' dir='ltr'>Ι.</span> <span class='ocrx_word' id='word_1_406' title='bbox 254 3715 308 3776; x_wconf 80' lang='lat'>28.</span> <span class='ocrx_word' id='word_1_407' title='bbox 326 3711 363 3775; x_wconf 80' lang='lat' dir='ltr'>de</span> <span class='ocrx_word' id='word_1_408' title='bbox 379 3734 463 3774; x_wconf 82' lang='lat' dir='ltr'>usur.</span> <span class='ocrx_word' id='word_1_409' title='bbox 482 3706 602 3789; x_wconf 89' lang='lat' dir='ltr'>quippe</span> <span class='ocrx_word' id='word_1_410' title='bbox 617 3709 735 3771; x_wconf 84' lang='lat' dir='ltr'>frustra</span> <span class='ocrx_word' id='word_1_411' title='bbox 782 3712 846 3786; x_wconf 78' lang='lat' dir='ltr'>nii,</span> <span class='ocrx_word' id='word_1_412' title='bbox 862 3730 932 3787; x_wconf 82' lang='lat' dir='ltr'>quae</span> <span class='ocrx_word' id='word_1_413' title='bbox 942 3711 1097 3773; x_wconf 82' lang='lat' dir='ltr'>sustinere</span> <span class='ocrx_word' id='word_1_414' title='bbox 1106 3712 1243 3788; x_wconf 75' lang='lat' dir='ltr'>cogitur,</span> <span class='ocrx_word' id='word_1_415' title='bbox 1257 3710 1277 3768; x_wconf 89' lang='grc' dir='ltr'>Ι.</span> <span class='ocrx_word' id='word_1_416' title='bbox 1291 3728 1323 3789; x_wconf 86' lang='lat'>7.</span> <span class='ocrx_word' id='word_1_417' title='bbox 1335 3709 1370 3771; x_wconf 79' lang='lat' dir='ltr'>in</span> 
     </span>
     <span class='ocr_line' id='line_1_41' title="bbox 144 3790 1425 3884; baseline -0.001 -23"><span class='ocrx_word' id='word_1_418' title='bbox 144 3814 286 3881; x_wconf 83' lang='lat' dir='ltr'>spectes,</span> <span class='ocrx_word' id='word_1_419' title='bbox 298 3817 335 3867; x_wconf 89' lang='lat' dir='ltr'>ut</span> <span class='ocrx_word' id='word_1_420' title='bbox 350 3816 531 3884; x_wconf 82' lang='lat' dir='ltr'>separetur,</span> <span class='ocrx_word' id='word_1_421' title='bbox 546 3799 632 3876; x_wconf 90' lang='lat' dir='ltr'>quod</span> <span class='ocrx_word' id='word_1_422' title='bbox 644 3798 734 3862; x_wconf 88' lang='lat' dir='ltr'>invi·</span> <span class='ocrx_word' id='word_1_423' title='bbox 779 3798 926 3883; x_wconf 76' lang='lat' dir='ltr'>prinndr</span> <span class='ocrx_word' id='word_1_424' title='bbox 933 3796 1069 3883; x_wconf 76' lang='lat' dir='ltr'>jundot.</span> <span class='ocrx_word' id='word_1_425' title='bbox 1082 3796 1105 3858; x_wconf 93' lang='grc' dir='ltr'>Ι.</span> <span class='ocrx_word' id='word_1_426' title='bbox 1118 3815 1171 3858; x_wconf 78' lang='lat' dir='ltr'>uo.</span> <span class='ocrx_word' id='word_1_427' title='bbox 1183 3792 1218 3857; x_wconf 85' lang='lat' dir='ltr'>C.</span> <span class='ocrx_word' id='word_1_428' title='bbox 1228 3793 1294 3857; x_wconf 84' lang='lat' dir='ltr'>eud.</span> <span class='ocrx_word' id='word_1_429' title='bbox 1306 3790 1369 3881; x_wconf 74' lang='lat'><strong>(3).</strong></span> <span class='ocrx_word' id='word_1_430' title='bbox 1418 3794 1425 3823; x_wconf 43' lang='grc' dir='ltr'><strong><em>Ι</em></strong></span> 
     </span>
    </p>
   </div>
   <div class='ocr_carea' id='block_1_3' title="bbox 123 3934 1473 4155">
    <p class='ocr_par' dir='ltr' id='par_1_3' title="bbox 123 3934 1473 4155">
     <span class='ocr_line' id='line_1_42' title="bbox 200 3934 1473 4067; baseline 0.015 -25"><span class='ocrx_word' id='word_1_431' title='bbox 200 3977 253 4067; x_wconf 76' lang='grc' dir='ltr'>(ι)</span> <span class='ocrx_word' id='word_1_432' title='bbox 297 3934 742 4064; x_wconf 51' lang='lat' dir='ltr'>maturationem</span> <span class='ocrx_word' id='word_1_433' title='bbox 835 3974 886 4065; x_wconf 77' lang='lat' dir='ltr'>(r)</span> <span class='ocrx_word' id='word_1_434' title='bbox 930 3975 1043 4059; x_wconf 63' lang='lat' dir='ltr'>aar.</span> <span class='ocrx_word' id='word_1_435' title='bbox 1065 3973 1375 4059; x_wconf 54' lang='lat' dir='ltr'>mutuarentur,</span> <span class='ocrx_word' id='word_1_436' title='bbox 1472 4051 1473 4054; x_wconf 6' lang='grc' dir='ltr'>γ</span> 
     </span>
     <span class='ocr_line' id='line_1_43' title="bbox 123 4065 861 4155; baseline 0.009 -18"><span class='ocrx_word' id='word_1_437' title='bbox 123 4065 337 4155; x_wconf 61' lang='grc' dir='ltr'>,Οαεεςιιω</span> <span class='ocrx_word' id='word_1_438' title='bbox 424 4091 481 4129; x_wconf 63' lang='lat' dir='ltr'>s*</span> <span class='ocrx_word' id='word_1_439' title='bbox 795 4065 861 4131; x_wconf 66' lang='lat' dir='ltr'>wd·</span> 
     </span>
    </p>
   </div>
   <div class='ocr_carea' id='block_1_4' title="bbox 182 4143 778 4317">
    <p class='ocr_par' dir='ltr' id='par_1_4' title="bbox 182 4143 778 4317">
     <span class='ocr_line' id='line_1_44' title="bbox 182 4143 778 4307; baseline 0.054 -94"><span class='ocrx_word' id='word_1_440' title='bbox 182 4143 653 4307; x_wconf 31' lang='lat' dir='ltr'>·}{&#39;).‚L·²⁶·”⁶&#39;·¹¹·P·⁴&#39;</span> <span class='ocrx_word' id='word_1_441' title='bbox 705 4198 709 4204; x_wconf 85' lang='lat'><strong>·</strong></span> <span class='ocrx_word' id='word_1_442' title='bbox 776 4242 778 4245; x_wconf 79' lang='grc'>,</span> 
     </span>
     <span class='ocr_line' id='line_1_45' title="bbox 233 4248 341 4317; baseline 0.046 -4"><span class='ocrx_word' id='word_1_443' title='bbox 233 4269 294 4315; x_wconf 78' lang='lat' dir='ltr'>om.</span> <span class='ocrx_word' id='word_1_444' title='bbox 310 4248 341 4317; x_wconf 89' lang='grc' dir='ltr'>Ι.</span> 
     </span>
    </p>
   </div>
   <div class='ocr_carea' id='block_1_5' title="bbox 998 4196 1090 4309">
    <p class='ocr_par' dir='ltr' id='par_1_5' title="bbox 998 4196 1090 4309">
     <span class='ocr_line' id='line_1_46' title="bbox 998 4196 1090 4309; baseline 0.011 -96"><span class='ocrx_word' id='word_1_445' title='bbox 998 4247 1029 4309; x_wconf 62' lang='lat' dir='ltr'><strong>n</strong></span> <span class='ocrx_word' id='word_1_446' title='bbox 1082 4196 1090 4214; x_wconf 83' lang='grc'><strong><em>.</em></strong></span> 
     </span>
    </p>
   </div>
   <div class='ocr_carea' id='block_1_6' title="bbox 0 0 1610 4758">
    <p class='ocr_par' dir='ltr' id='par_1_6' title="bbox 0 0 1610 4758">
     <span class='ocr_line' id='line_1_47' title="bbox 0 0 1610 4758; baseline 0 3"><span class='ocrx_word' id='word_1_447' title='bbox 0 0 1610 4758; x_wconf 95' lang='lat' dir='ltr'> </span> 
     </span>
    </p>
   </div>
  </div>
 </body>
</html>
