3206 4740
259 246 335 334 tta
624 223 716 302 Lib.
745 220 805 300 il.
834 216 917 297 Tit.
947 216 1048 296 ΧΗ.

249 375 302 463 qul
331 370 363 436 in
386 366 537 456 pitattrtt
558 364 723 452 parentum
748 380 832 446 sant,
883 363 979 427 me'nti
994 359 1133 426 faciendi
1151 376 1217 424 non
1234 361 1371 444 habete,
1386 384 1467 432 con.

249 462 369 550 peralta
381 457 512 546 perinde
523 458 557 520 in
573 456 659 518 banis
671 472 834 543 parentam
882 466 1014 530 sequens
1028 466 1076 515 est
1086 468 1100 530 ,⁸
1121 471 1175 514 eos
1195 471 1237 515 ne
1254 455 1398 534 legatum
1414 472 1467 522 aut

254 565 482 632 computentur,
496 566 701 610 aeternarum
715 544 835 630 peculia
885 538 1160 605 fideicommissum
1189 544 1390 630 relinquere,
1417 563 1468 612 aut

256 638 394 702 inbonis
416 636 601 700 dominorum
627 649 835 696 numerantur:
887 629 1049 695 codicillos
1073 631 1177 696 tacere
1205 651 1320 711 posse:
1353 637 1472 715 quippe

257 728 396 811 exceptis
413 720 557 793 uidelicet
574 723 638 802 iit,
655 730 718 807 qnia
731 716 768 784 ἐκ
784 742 840 817 ta·
888 739 959 794 qua
986 723 1024 782 iis
1035 719 1184 782 “demum
1201 721 1359 799 'permista
1386 742 1472 804 sunt,

258 817 323 879 crit
342 812 623 893 constitutionibus,
639 827 669 874 et
688 814 840 896 precipue
887 811 946 883 qui
962 825 992 871 et
1008 822 1231 872 testamentum
1246 810 1381 873 condere
1397 808 1470 892 pos·
1566 812 1584 873 ἢ

259 904 375 968 nantis
397 904 527 989 propter
558 900 702 964 divertat
731 918 841 963 causat
891 914 982 981 sunt,
996 896 1017 960 l.
1036 915 1065 960 a.
1079 897 1116 957 de
1131 897 1230 981 legat.
1245 899 1388 979 1.t.6.§.
1399 919 1468 985 pen.

260 1010 317 1058 nttt
331 996 543 1078 acquiruntur.
563 989 681 1052 Praetrr
702 990 756 1052 tros
772 988 841 1077 igi·
891 985 929 1046 de
939 982 1112 1072 juncum(
1134 982 1159 1070 ).
1452 1010 1456 1019 ‚

262 1098 336 1161 tur,
357 1083 410 1167 qai
431 1084 586 1144 castrense
607 1077 776 1162 partilium,
793 1077 844 1139 vil
938 1092 955 1136 a
1002 1071 1170 1161 (Quamuis
1180 1090 1329 1158 parentes
1341 1077 1470 1164 aisper-

261 1170 352 1257 quasi
379 1162 536 1234 castrant'e
561 1165 694 1245 habent,
717 1167 746 1228 si
773 1167 844 1250 quit
873 1161 1058 1247 miserint).
1074 1163 1114 1228 t.
1127 1166 1159 1225 6.
1170 1164 1224 1247 qui
1232 1180 1303 1228 test.
1308 1165 1377 1245 faa.
1386 1183 1472 1251 past.

255 1259 343 1333 <itlius
360 1257 520 1338 filiaisam.
535 1262 745 1319 testamentum
753 1253 845 1333 face·
869 1260 873 1265 '
893 1251 999 1327 Atque
1016 1252 1075 1315 hoc
1089 1255 1183 1315 etiam
1198 1273 1233 1316 ut
1245 1261 1471 1322 consectarium

264 1344 451 1428 rit,·inatilr
465 1362 531 1425 est,
544 1344 616 1407 licet
630 1364 690 1408 tna
702 1359 845 1429 potesta·-
893 1358 933 1404 et
953 1345 1108 1419 superiori
1138 1340 1316 1408 deducitur.
1344 1347 1471 1410 Etenim

266 1436 429 1520 tis'factas
440 1434 627 1500 'deterserim
895 1430 1057 1508 permissio
1068 1433 1127 1493 itta
1141 1435 1238 1515 patris
1249 1453 1312 1496 non
1324 1433 1422 1497 efficit
1434 1450 1472 1500 ut

893 1519 1055 1582 filiusfam.
1075 1521 1206 1598 incipiat
1227 1539 1293 1586 etse
1312 1525 1471 1602 patariam.

893 1609 959 1673 Lex
984 1620 1090 1671 autem
1112 1608 1185 1670 ΧΗ.
1202 1608 1282 1673 Tab.
1305 1630 1371 1674 non
1394 1616 1473 1693 aliis,

893 1712 989 1774 quam
1007 1697 1221 1777 patribusfam.
1247 1703 1383 1761 testandi
1398 1717 1474 1781 pot-

310 1810 323 1853 1
373 1787 455 1878 (Qui
479 1789 576 1854 aliana
595 1787 665 1873 jati
683 1786 844 1876 sabjecti)
894 1788 1311 1862 estatemcnncesrirreoque
1324 1793 1476 1871 pertinet,

260 1879 327 1951 Lex
350 1880 424 1945 ΧΠ.
448 1880 528 1943 Tab.
561 1882 695 1951 liberam
720 1892 845 1941 testan—
893 1876 1195 1955 quod-Papinianus
1216 1877 1323 1938 scribit
1341 1879 1376 1937 in
1393 1877 1415 1940 l.
1441 1900 1473 1959 3.

260 1970 295 2032 di
311 1968 493 2054 facultatem
518 1969 643 2032 civibus
670 1967 845 2031 concedent
894 1963 957 2027 aad.
975 1963 1164 2031 Testamenti
1172 1963 1341 2043 factionem
1348 1965 1489 2051 privati,

261 2062 389 2138 praecise
410 2080 446 2123 ac
471 2057 603 2132 definita
621 2057 662 2119 de
681 2056 844 2133 patribus·
892 2054 947 2115 ted
953 2051 1072 2138 publici
1081 2053 1166 2138 juris
1179 2068 1226 2114 est
1239 2101 1251 2138 ‚
1267 2053 1331 2118 hoc·
1344 2069 1412 2140 est,
1421 2054 1471 2136 jus

260 2146 360 2208 famil.
378 2150 483 2209 locuta
497 2160 552 2207 est.
569 2147 666 2208 Extra
683 2147 842 2227 integrum
892 2146 1069 2206 testamenti
1090 2142 1225 2205 faciendi
1245 2147 1469 2223 nonsspritato-

259 2233 341 2310 legia
366 2246 462 2309 caput
489 2231 576 2308 apud
602 2231 773 2293 Auctorem
800 2234 843 2298 ad
875 2235 1173 2306 rumauctotitrte,
1198 2230 1251 2291 sed
1264 2228 1471 2309 jurepnbti·

261 2315 450 2380 Herennium
463 2316 527 2380 libs
538 2338 565 2380 t.
579 2335 646 2401 cap.
663 2338 712 2397 13.
726 2320 761 2382 in
776 2321 842 2387 hac
890 2338 929 2385 co
945 2338 977 2386 et
992 2319 1113 2402 legibus
1125 2320 1240 2392 cuique
1253 2321 1425 2385 tribuitur.

260 2403 376 2470 verba:
391 2404 624 2486 Paterfamilias
645 2408 693 2468 nti
709 2407 841 2492 legastit
916 2430 953 2489 -3
990 2411 1076 2499 {An
1097 2411 1196 2490 igitur
1212 2404 1387 2472 titiniano.
1413 2428 1470 2474 nec

259 2512 352 2578 saper
368 2494 498 2576 familia
515 2497 683 2581 pecuniane
705 2516 777 2575 saa,
793 2501 842 2564 ita
890 2501 999 2562 mortis
1012 2516 1106 2565 causa
1119 2496 1255 2574 donate,
1271 2499 1400 2562 volente
1412 2518 1468 2577 pa=

252 2586 309 2668 ju't
326 2601 399 2648 asta.
415 2586 463 2648 ux
486 2606 524 2649 eo
549 2585 643 2662 qood·
657 2585 839 2653 Decemviri
889 2585 1468 2669 rte,permtrrendum21tavideripon

257 2673 319 2736 itoc
338 2673 390 2754 jus
412 2676 596 2738 nominatim
618 2694 839 2743 concesserunt
887 2680 953 2764 est,
968 2699 1042 2742 cum
1056 2679 1163 2740 mortis
1175 2695 1268 2738 causa
1280 2675 1467 2739 donationes

259 2762 441 2841 patrifamil.
456 2764 515 2828 hoc
527 2776 590 2850 est,
602 2765 668 2825 civi
682 2763 838 2847 Romano,
887 2782 943 2843 per
958 2772 1063 2831 omnia
1079 2768 1143 2830 ieie
1155 2766 1275 2829 ultimis
1289 2766 1465 2828 voluntati·

256 2854 314 2926 qui
331 2857 380 2916 sui
399 2850 479 2934 juris
500 2868 566 2934 est,
581 2854 655 2914 satit
679 2854 837 2936 intelttgt-
887 2843 1232 2937 buscompa‘rentur,§.
1248 2874 1274 2917 t.
1287 2869 1355 2936 sap.
1369 2851 1464 2914 dedo·

256 2952 325 3018 tor,
342 2941 425 3004 idem
442 2961 495 3004 eos
510 2939 660 3003 tiliisiam.
677 2945 837 3018 permitte·
855 2951 859 2959 '
885 2957 949 3005 nat.
962 2943 984 3008 l.
1002 2942 1107 3006 ultr&
1120 2942 1164 3023 ‘da
1186 2956 1276 3005 mort.
1295 2961 1380 3004 aaut.
1397 2939 1461 3004 dan.

326 1598 776 1702 connominatus.

147 3058 151 3065 ·
255 3044 289 3090 te
305 3032 452 3094 noluisse.
466 3030 622 3112 Quinimo
644 3048 706 3090 non
724 3050 835 3110 putue-

254 3134 351 3201 runt,
371 3120 437 3182 nisi
448 3120 581 3182 ridicule
592 3162 603 3196 ,
623 3119 759 3182 testandi
772 3121 835 3185 ¹fa-

253 3208 405 3271 cultatem
426 3211 604 3286 permittere
625 3208 686 3285 iit,
708 3212 763 3284 qui
781 3213 835 3272 ni-·

254 3288 300 3367 hil
324 3311 417 3356 suum
439 3298 615 3376 habebant,
639 3297 681 3360 de
702 3317 766 3371 quo
781 3313 834 3362 te·

884 3032 1006 3093 Placuit
1026 3030 1130 3133 tantan
1151 3048 1242 3107 posse
1260 3029 1460 3093 filiumfamil-

883 3122 1080 3216 permittanpe
1090 3132 1181 3202 patre
1193 3118 1462 3183 mortiscausado·

884 3227 977 3288 nare,
997 3210 1090 3286 lars.
1110 3210 1134 3270 ⁴.
1162 3225 1189 3269 ι.
1214 3208 1251 3270 de
1270 3219 1460 3273 martianas.

884 3278 1132 3461 dannilirirum,
1169 3297 1225 3359 uia
1236 3296 1372 3360 donatio
1383 3314 1461 3359 mot·

883 3388 924 3448 tis
942 3407 976 3451 ca
1003 3407 1036 3450 sa
1048 3432 1058 3465 ,
1079 3388 1143 3450 etsi.
1160 3404 1194 3447 tn
1215 3385 1376 3465 plerisque
1391 3384 1460 3466 jure

222 3462 623 3534 *filionamsoli-m'omnta
639 3466 829 3556 pitennbus,
867 3478 998 3547 ,idtimae
1023 3476 1196 3540 voluntatis
1222 3489 1396 3551 censetur,
1425 3476 1457 3534 in

173 3596 180 3609 ·
204 3570 209 3579 ·
249 3573 384 3630 quorum
401 3560 439 3618 in·
448 3560 600 3637 potestate
611 3578 717 3635 erant,
735 3568 828 3640 pleno
878 3556 1065 3638 quibusdam
1083 3579 1188 3629 tamen
1205 3576 1346 3626 naturam
1361 3574 1461 3642 nego·

244 3640 316 3726 jure
332 3648 556 3723 acquisivisset
577 3666 648 3720 quae
661 3653 755 3712 etiam
772 3674 827 3716 ra·
853 3664 859 3675 ·
878 3655 913 3713 tii
926 3657 1007 3718 inter
1021 3659 1112 3719 vivos
1123 3665 1337 3719 etcontractus
1348 3648 1462 3728 nabet,

247 3738 316 3813 tior
339 3758 395 3802 cur
421 3735 615 3799 filiifamilias
642 3742 746 3800 testari
763 3761 826 3806 non
875 3739 898 3803 Ι.
915 3763 966 3820 35.
981 3747 1010 3822 §.
1029 3740 1057 3822 3ss
1072 3742 1138 3807 aad.
1161 3742 1352 3810 martineque
1367 3737 1403 3796 itt
1419 3755 1459 3799 eo

246 3829 385 3911 possint,
413 3827 533 3890 reddita
557 3837 602 3888 est
625 3825 664 3887 ab
685 3826 824 3905 Ulpiano
874 3834 961 3905 quod
978 3832 1100 3896 adeam
1117 3823 1458 3910 perficiendamttadi-

240 3913 279 3973 in
290 3912 414 4000 fragm.
435 3916 485 3978 tit.
513 3936 562 3977 20.
581 3916 608 3997 §.
626 3916 655 3989 9ss
675 3917 742 3979 lloc
760 3922 824 3981 au·
874 3921 960 3984 tione
981 3936 1038 3984 aut
1061 3913 1270 3984 conventione
1295 3931 1378 3993 opus
1399 3924 1455 3989 est,

246 4004 306 4061 tem
329 4008 449 4083 posito,
465 4002 644 4068 tiliosiamil.
656 4002 709 4087 jus
724 4023 822 4071 testa·
872 4020 908 4068 ut
926 4009 1071 4087 pluribus
1083 4004 1276 4099 ostendimus
1288 4005 1325 4067 in
1337 4001 1369 4066 d.
1380 4001 1410 4087 §.
1423 4018 1455 4080 ι,

252 3381 327 3457 atati
343 3386 483 3458 possent:
506 3390 623 3462 quippe
647 3403 756 3450 notum
772 3398 828 3467 est,

244 4169 342 4264 (¹)
381 4177 979 4268 12·1·tit·9.P.6.aers.upuede.
1094 4226 1098 4231 ·
1144 4142 1148 4145 Δ
1203 4233 1207 4238 ,
