3224 4762
549 328 988 492 Puuunuro.

169 1051 359 1288 Prodit
388 1192 488 1291 haec
519 1205 652 1294 tertia
689 1201 1023 1299 Institutionum
1053 1205 1190 1300 editio
1240 1223 1369 1325 post·

96 1422 101 1429 ,
168 1351 301 1438 quarn
330 1356 485 1446 nuper
521 1332 739 1423 edidimus
776 1362 890 1450 opus
910 1337 991 1428 sub
1025 1339 1159 1428 titulo
1188 1334 1371 1426 [lustra-

169 1455 258 1542 cion
288 1453 361 1546 del
377 1456 553 1550 derecho
582 1459 694 1551 Redl
712 1462 765 1552 de
792 1460 991 1580 Esparia,
1027 1460 1082 1553 ad
1112 1466 1246 1553 instat
1276 1461 1369 1550 Hi-

171 1609 406 1733 spanarum
438 1584 787 1680 Institutionum
822 1590 884 1679 Et
913 1595 1017 1710 quia
1051 1594 1097 1680 in
1139 1618 1224 1703 eo,
1253 1607 1372 1679 tam-

172 1738 306 1825 quam
331 1715 377 1805 in
407 1719 588 1834 propria
622 1718 726 1808 sede
761 1721 934 1839 agimus
969 1718 1025 1809 de
1049 1721 1258 1812 universo
1275 1714 1373 1841 jure

173 1834 397 1960 Hispano,
431 1872 483 1934 ac
518 1846 704 1963 proinde
739 1846 794 1936 de
829 1850 1105 1998 argumentis
1139 1828 1374 1965 Appendi-

174 1993 305 2083 cum,
334 2000 442 2087 quas
462 1970 630 2063 duabus
651 1974 905 2123 prioribus
893 1978 1182 2066 inseruimus·
1169 1999 1374 2088 ‚-oppor

68 2216 73 2220 ι
173 2114 333 2188 tunum
364 2101 493 2190 nobis
516 2105 684 2214 visum,
719 2129 802 2192 eas
826 2105 871 2189 in
898 2101 982 2192 hac
1016 2104 1253 2192 omittere·
1277 2127 1377 2191 ma-

174 2227 292 2317 xime
314 2255 416 2317 cum
418 2225 505 2378 jus
524 2227 776 2348 Hispanum
798 2256 996 2320 seorsum
1025 2225 1053 2318 a
1073 2226 1281 2319 Romano
1302 2225 1376 2316 do·
1431 2288 1442 2307 s

174 2340 366 2446 cendum
395 2359 511 2446 sitin
532 2355 724 2472 Scholis,
745 2355 884 2478 Regis
900 2358 1083 2448 decreto
1111 2385 1214 2451 antu
1202 2350 1373 2443 &1802

46 2552 48 2555 .
174 2477 439 2575 Retinemus
459 2503 609 2574 tamen
638 2512 711 2577 eas
740 2487 914 2577 notulas
943 2504 988 2577 et
1022 2486 1177 2603 legum
1200 2503 1375 2573 nostra-

177 2635 277 2700 rum
307 2611 632 2734 designationes
660 2640 763 2735 quae
785 2613 1066 2703 ostendunt
1055 2640 1100 2699 rn
1129 2607 1321 2724 quibus
1307 2635 1377 2728 Jus

177 2734 449 2889 Hispanum·
462 2769 565 2829 cum
594 2730 803 2829 Romano
831 2738 1069 2828 conveniat
1099 2754 1175 2823 aut
1197 2733 1377 2822 discon-

174 2873 346 2976 veniat,
375 2868 478 2981 quia
499 2884 739 2978 utrumque
769 2860 839 2985 jus
868 2883 1014 2979 potrus
1028 2879 1187 2950 ornant
1208 2925 1223 2972 ,
1241 2888 1375 2977 quam

178 3012 395 3086 onerant.
417 3010 462 3081 et
487 2993 762 3081 annectimus
780 2987 888 3112 juris
908 2987 1100 3079 Romani
1129 2985 1373 3102 historiam,
1490 2994 1495 2999 ’

178 3151 335 3241 quam,
376 3138 476 3237 post
524 3117 711 3210 duarum
752 3115 1088 3209 Institutionum
1142 3109 1377 3231 editiones,

181 3249 563 3371 promulgavimus
598 3275 714 3338 anno
741 3241 877 3367 1798
