<?xml version="1.0" encoding="UTF-8"?>
<!DOCTYPE html PUBLIC "-//W3C//DTD XHTML 1.0 Transitional//EN"
    "http://www.w3.org/TR/xhtml1/DTD/xhtml1-transitional.dtd">
<html xmlns="http://www.w3.org/1999/xhtml" xml:lang="en" lang="en">
 <head>
  <title>
</title>
<meta http-equiv="Content-Type" content="text/html;charset=utf-8" />
  <meta name='ocr-system' content='tesseract 3.04.00' />
  <meta name='ocr-capabilities' content='ocr_page ocr_carea ocr_par ocr_line ocrx_word'/>
</head>
<body>
  <div class='ocr_page' id='page_1' title='image "./institutionesro00madgoog/institutionesro00madgoog_0060.png"; bbox 0 0 3224 4762; ppageno 0'>
   <div class='ocr_carea' id='block_1_1' title="bbox 350 234 1327 334">
    <p class='ocr_par' dir='ltr' id='par_1_1' title="bbox 350 234 1327 334">
     <span class='ocr_line' id='line_1_1' title="bbox 350 234 1327 334; baseline -0.003 -21"><span class='ocrx_word' id='word_1_1' title='bbox 350 235 415 313; x_wconf 91' lang='lat' dir='ltr'>De</span> <span class='ocrx_word' id='word_1_2' title='bbox 441 235 543 332; x_wconf 82' lang='lat' dir='ltr'>Jure</span> <span class='ocrx_word' id='word_1_3' title='bbox 569 236 763 329; x_wconf 69' lang='lat' dir='ltr'>naturali</span> <span class='ocrx_word' id='word_1_4' title='bbox 729 243 890 334; x_wconf 79' lang='lat' dir='ltr'>r.geut</span> <span class='ocrx_word' id='word_1_5' title='bbox 921 246 962 310; x_wconf 85' lang='lat' dir='ltr'>et</span> <span class='ocrx_word' id='word_1_6' title='bbox 990 234 1136 309; x_wconf 80' lang='lat' dir='ltr'>civili.</span> <span class='ocrx_word' id='word_1_7' title='bbox 1274 253 1327 328; x_wconf 81' lang='lat'>49</span> 
     </span>
    </p>
   </div>
   <div class='ocr_carea' id='block_1_2' title="bbox 87 368 1378 4009">
    <p class='ocr_par' dir='ltr' id='par_1_2' title="bbox 87 368 1378 4009">
     <span class='ocr_line' id='line_1_2' title="bbox 128 368 1353 465; baseline -0.005 -24"><span class='ocrx_word' id='word_1_8' title='bbox 128 397 169 444; x_wconf 79' lang='lat' dir='ltr'>ne</span> <span class='ocrx_word' id='word_1_9' title='bbox 178 375 320 465; x_wconf 69' lang='lat' dir='ltr'>&#39;popule&#39;</span> <span class='ocrx_word' id='word_1_10' title='bbox 327 377 465 439; x_wconf 75' lang='lat' dir='ltr'>uniuersi</span> <span class='ocrx_word' id='word_1_11' title='bbox 485 376 571 437; x_wconf 75' lang='lat' dir='ltr'>cives</span> <span class='ocrx_word' id='word_1_12' title='bbox 592 376 714 462; x_wconf 78' lang='lat' dir='ltr'>signifi·</span> <span class='ocrx_word' id='word_1_13' title='bbox 804 395 819 454; x_wconf 80' lang='lat'><em>3</em></span> <span class='ocrx_word' id='word_1_14' title='bbox 857 371 1030 460; x_wconf 74' lang='lat' dir='ltr'>(Senatorio</span> <span class='ocrx_word' id='word_1_15' title='bbox 1048 368 1271 458; x_wconf 65' lang='lat' dir='ltr'>Magistros).</span> <span class='ocrx_word' id='word_1_16' title='bbox 1284 375 1353 436; x_wconf 76' lang='lat' dir='ltr'>Lex</span> 
     </span>
     <span class='ocr_line' id='line_1_3' title="bbox 129 463 1356 543; baseline -0.005 -13"><span class='ocrx_word' id='word_1_17' title='bbox 129 483 254 543; x_wconf 77' lang='lat' dir='ltr'>centur,</span> <span class='ocrx_word' id='word_1_18' title='bbox 281 467 500 527; x_wconf 72' lang='lat' dir='ltr'>connumeratis</span> <span class='ocrx_word' id='word_1_19' title='bbox 522 467 614 527; x_wconf 82' lang='lat' dir='ltr'>etiam</span> <span class='ocrx_word' id='word_1_20' title='bbox 648 466 715 528; x_wconf 84' lang='lat' dir='ltr'>Pa·</span> <span class='ocrx_word' id='word_1_21' title='bbox 764 465 924 528; x_wconf 80' lang='lat' dir='ltr'>serebatur</span> <span class='ocrx_word' id='word_1_22' title='bbox 955 464 1093 526; x_wconf 84' lang='lat' dir='ltr'>comitiis</span> <span class='ocrx_word' id='word_1_23' title='bbox 1120 464 1273 539; x_wconf 80' lang='lat' dir='ltr'>curiatis,</span> <span class='ocrx_word' id='word_1_24' title='bbox 1303 463 1356 524; x_wconf 85' lang='lat' dir='ltr'>vel</span> 
     </span>
     <span class='ocr_line' id='line_1_4' title="bbox 133 551 1362 632; baseline -0.003 -14"><span class='ocrx_word' id='word_1_25' title='bbox 133 557 237 618; x_wconf 72' lang='lat' dir='ltr'>urielis</span> <span class='ocrx_word' id='word_1_26' title='bbox 257 570 296 615; x_wconf 79' lang='lat' dir='ltr'>es</span> <span class='ocrx_word' id='word_1_27' title='bbox 306 553 505 618; x_wconf 79' lang='lat' dir='ltr'>Senatoribrrs</span> <span class='ocrx_word' id='word_1_28' title='bbox 540 552 645 616; x_wconf 80' lang='lat' dir='ltr'>Plebis</span> <span class='ocrx_word' id='word_1_29' title='bbox 661 574 716 616; x_wconf 86' lang='lat' dir='ltr'>ao·</span> <span class='ocrx_word' id='word_1_30' title='bbox 764 553 980 618; x_wconf 61' lang='lat' dir='ltr'>centuriatis&amp;</span> <span class='ocrx_word' id='word_1_31' title='bbox 999 551 1243 632; x_wconf 79' lang='lat' dir='ltr'>Magistratiboo</span> <span class='ocrx_word' id='word_1_32' title='bbox 1258 569 1362 628; x_wconf 81' lang='lat' dir='ltr'>penes.</span> 
     </span>
     <span class='ocr_line' id='line_1_5' title="bbox 130 639 1357 728; baseline -0.002 -23"><span class='ocrx_word' id='word_1_33' title='bbox 130 643 658 728; x_wconf 51' lang='grc' dir='ltr'>1222υρρεΗατωηωιηεΡᾳῐτίυὶίι</span> <span class='ocrx_word' id='word_1_34' title='bbox 683 657 724 704; x_wconf 80' lang='lat' dir='ltr'>et·</span> <span class='ocrx_word' id='word_1_35' title='bbox 766 662 847 719; x_wconf 80' lang='lat' dir='ltr'>quos</span> <span class='ocrx_word' id='word_1_36' title='bbox 883 654 974 705; x_wconf 83' lang='lat' dir='ltr'>etant</span> <span class='ocrx_word' id='word_1_37' title='bbox 1008 640 1124 720; x_wconf 80' lang='lat' dir='ltr'>majora</span> <span class='ocrx_word' id='word_1_38' title='bbox 1157 639 1357 719; x_wconf 81' lang='lat' dir='ltr'>Reipublicae</span> 
     </span>
     <span class='ocr_line' id='line_1_6' title="bbox 132 729 1353 817; baseline -0.006 -18"><span class='ocrx_word' id='word_1_39' title='bbox 132 732 331 799; x_wconf 76' lang='lat' dir='ltr'>Smotoribos</span> <span class='ocrx_word' id='word_1_40' title='bbox 354 733 456 794; x_wconf 71' lang='lat' dir='ltr'>ceteri</span> <span class='ocrx_word' id='word_1_41' title='bbox 481 733 565 793; x_wconf 84' lang='lat' dir='ltr'>ciues</span> <span class='ocrx_word' id='word_1_42' title='bbox 589 731 717 817; x_wconf 77' lang='lat' dir='ltr'>sr&#39;gut&#39;fi-</span> <span class='ocrx_word' id='word_1_43' title='bbox 768 733 931 808; x_wconf 82' lang='lat' dir='ltr'>auspicia,</span> <span class='ocrx_word' id='word_1_44' title='bbox 948 731 1053 806; x_wconf 65' lang='lat' dir='ltr'>putee</span> <span class='ocrx_word' id='word_1_45' title='bbox 1069 729 1221 808; x_wconf 81' lang='lat' dir='ltr'><strong>Consule,</strong></span> <span class='ocrx_word' id='word_1_46' title='bbox 1234 729 1353 794; x_wconf 77' lang='lat' dir='ltr'>Dicte·</span> 
     </span>
     <span class='ocr_line' id='line_1_7' title="bbox 132 820 1088 903; baseline -0.002 -21"><span class='ocrx_word' id='word_1_47' title='bbox 132 840 250 885; x_wconf 69' lang='lat' dir='ltr'>emtor.</span> <span class='ocrx_word' id='word_1_48' title='bbox 291 820 354 882; x_wconf 81' lang='lat' dir='ltr'>Sed</span> <span class='ocrx_word' id='word_1_49' title='bbox 374 824 427 880; x_wconf 78' lang='lat' dir='ltr'>-st&#39;</span> <span class='ocrx_word' id='word_1_50' title='bbox 439 820 622 902; x_wconf 80' lang='lat' dir='ltr'>plebiscito,</span> <span class='ocrx_word' id='word_1_51' title='bbox 652 820 720 903; x_wconf 82' lang='lat' dir='ltr'>lege</span> <span class='ocrx_word' id='word_1_52' title='bbox 769 834 857 895; x_wconf 90' lang='lat' dir='ltr'>tote,</span> <span class='ocrx_word' id='word_1_53' title='bbox 874 821 926 880; x_wconf 87' lang='lat' dir='ltr'>vel</span> <span class='ocrx_word' id='word_1_54' title='bbox 942 820 1088 880; x_wconf 61' lang='lat' dir='ltr'>l’taerorea</span> 
     </span>
     <span class='ocr_line' id='line_1_8' title="bbox 131 902 1361 994; baseline -0.002 -23"><span class='ocrx_word' id='word_1_55' title='bbox 131 905 302 971; x_wconf 78' lang='lat' dir='ltr'>Hortensia</span> <span class='ocrx_word' id='word_1_56' title='bbox 318 910 404 983; x_wconf 79' lang='lat' dir='ltr'>lota,</span> <span class='ocrx_word' id='word_1_57' title='bbox 420 929 478 967; x_wconf 83' lang='lat' dir='ltr'>oon</span> <span class='ocrx_word' id='word_1_58' title='bbox 492 909 592 971; x_wconf 83' lang='lat' dir='ltr'>minus</span> <span class='ocrx_word' id='word_1_59' title='bbox 608 907 725 987; x_wconf 78' lang='lat' dir='ltr'>valere,</span> <span class='ocrx_word' id='word_1_60' title='bbox 806 927 829 987; x_wconf 86' lang='lat'>4</span> <span class='ocrx_word' id='word_1_61' title='bbox 858 902 1273 994; x_wconf 72' lang='lat' dir='ltr'>(interrogante).Rogabat</span> <span class='ocrx_word' id='word_1_62' title='bbox 1283 906 1361 971; x_wconf 83' lang='lat' dir='ltr'>Ma·</span> 
     </span>
     <span class='ocr_line' id='line_1_9' title="bbox 130 995 1360 1083; baseline -0.004 -21"><span class='ocrx_word' id='word_1_63' title='bbox 130 1019 223 1082; x_wconf 72' lang='lat' dir='ltr'>pocus</span> <span class='ocrx_word' id='word_1_64' title='bbox 238 998 325 1083; x_wconf 78' lang='lat' dir='ltr'>leges</span> <span class='ocrx_word' id='word_1_65' title='bbox 340 1011 502 1081; x_wconf 75' lang='lat' dir='ltr'>superous.</span> <span class='ocrx_word' id='word_1_66' title='bbox 773 999 923 1081; x_wconf 78' lang='lat' dir='ltr'>gistratus</span> <span class='ocrx_word' id='word_1_67' title='bbox 936 995 985 1058; x_wconf 81' lang='lat' dir='ltr'>his</span> <span class='ocrx_word' id='word_1_68' title='bbox 998 996 1111 1061; x_wconf 83' lang='lat' dir='ltr'>verbis:</span> <span class='ocrx_word' id='word_1_69' title='bbox 1124 995 1237 1057; x_wconf 80' lang='lat' dir='ltr'>Velitis</span> <span class='ocrx_word' id='word_1_70' title='bbox 1247 995 1360 1080; x_wconf 83' lang='lat' dir='ltr'>jubeo-</span> 
     </span>
     <span class='ocr_line' id='line_1_10' title="bbox 144 1082 1362 1165; baseline -0.001 -18"><span class='ocrx_word' id='word_1_71' title='bbox 144 1123 147 1128; x_wconf 97' lang='grc'>-</span> <span class='ocrx_word' id='word_1_72' title='bbox 195 1132 200 1139; x_wconf 91' lang='grc'><strong>.</strong></span> <span class='ocrx_word' id='word_1_73' title='bbox 371 1144 373 1149; x_wconf 87' lang='grc'><em>,</em></span> <span class='ocrx_word' id='word_1_74' title='bbox 449 1140 452 1145; x_wconf 78' lang='grc'>,</span> <span class='ocrx_word' id='word_1_75' title='bbox 775 1087 820 1146; x_wconf 81' lang='lat' dir='ltr'>sis</span> <span class='ocrx_word' id='word_1_76' title='bbox 830 1085 986 1165; x_wconf 78' lang='lat' dir='ltr'>Quirites,</span> <span class='ocrx_word' id='word_1_77' title='bbox 1002 1082 1066 1149; x_wconf 78' lang='lat' dir='ltr'>bec.</span> <span class='ocrx_word' id='word_1_78' title='bbox 1077 1086 1217 1164; x_wconf 85' lang='lat' dir='ltr'>Populos</span> <span class='ocrx_word' id='word_1_79' title='bbox 1231 1104 1362 1164; x_wconf 87' lang='lat' dir='ltr'>respon·</span> 
     </span>
     <span class='ocr_line' id='line_1_11' title="bbox 205 1172 1365 1264; baseline -0.003 -27"><span class='ocrx_word' id='word_1_80' title='bbox 205 1201 645 1264; x_wconf 80' lang='lat' dir='ltr'><strong>COMMENTARIUS··</strong></span> <span class='ocrx_word' id='word_1_81' title='bbox 772 1172 1365 1264; x_wconf 62' lang='lat' dir='ltr'>debutintabellavelperlittetemd,</span> 
     </span>
     <span class='ocr_line' id='line_1_12' title="bbox 448 1260 1360 1347; baseline -0.003 -21"><span class='ocrx_word' id='word_1_82' title='bbox 448 1264 452 1275; x_wconf 74' lang='grc'><em>’</em></span> <span class='ocrx_word' id='word_1_83' title='bbox 774 1264 809 1326; x_wconf 90' lang='lat' dir='ltr'>id</span> <span class='ocrx_word' id='word_1_84' title='bbox 825 1281 888 1328; x_wconf 80' lang='lat' dir='ltr'>est:</span> <span class='ocrx_word' id='word_1_85' title='bbox 906 1264 1058 1347; x_wconf 77' lang='lat' dir='ltr'>Aulique,</span> <span class='ocrx_word' id='word_1_86' title='bbox 1074 1268 1124 1327; x_wconf 88' lang='lat' dir='ltr'>vel</span> <span class='ocrx_word' id='word_1_87' title='bbox 1140 1286 1193 1343; x_wconf 87' lang='lat' dir='ltr'>per</span> <span class='ocrx_word' id='word_1_88' title='bbox 1208 1263 1249 1329; x_wconf 87' lang='lat' dir='ltr'>U.</span> <span class='ocrx_word' id='word_1_89' title='bbox 1267 1263 1307 1324; x_wconf 82' lang='lat' dir='ltr'>ll.</span> <span class='ocrx_word' id='word_1_90' title='bbox 1326 1260 1360 1324; x_wconf 88' lang='lat' dir='ltr'>id</span> 
     </span>
     <span class='ocr_line' id='line_1_13' title="bbox 185 1351 1366 1435; baseline -0.005 -16"><span class='ocrx_word' id='word_1_91' title='bbox 185 1376 199 1419; x_wconf 89' lang='lat' dir='ltr'>t</span> <span class='ocrx_word' id='word_1_92' title='bbox 231 1352 399 1431; x_wconf 67' lang='lat' dir='ltr'>*sequitur</span> <span class='ocrx_word' id='word_1_93' title='bbox 426 1359 627 1435; x_wconf 79' lang='lat' dir='ltr'>singularum</span> <span class='ocrx_word' id='word_1_94' title='bbox 646 1351 726 1432; x_wconf 85' lang='lat' dir='ltr'>jutis</span> <span class='ocrx_word' id='word_1_95' title='bbox 776 1369 831 1415; x_wconf 88' lang='lat' dir='ltr'>est:</span> <span class='ocrx_word' id='word_1_96' title='bbox 848 1352 903 1412; x_wconf 82' lang='lat' dir='ltr'>Uti</span> <span class='ocrx_word' id='word_1_97' title='bbox 917 1373 1020 1435; x_wconf 81' lang='lat' dir='ltr'>rogus.</span> <span class='ocrx_word' id='word_1_98' title='bbox 1041 1353 1139 1414; x_wconf 87' lang='lat' dir='ltr'>Priori</span> <span class='ocrx_word' id='word_1_99' title='bbox 1161 1372 1239 1415; x_wconf 81' lang='lat' dir='ltr'>ceso</span> <span class='ocrx_word' id='word_1_100' title='bbox 1257 1372 1366 1431; x_wconf 85' lang='lat' dir='ltr'>popu-</span> 
     </span>
     <span class='ocr_line' id='line_1_14' title="bbox 135 1437 1365 1524; baseline -0.008 -15"><span class='ocrx_word' id='word_1_101' title='bbox 135 1447 245 1524; x_wconf 78' lang='lat' dir='ltr'>sctipti</span> <span class='ocrx_word' id='word_1_102' title='bbox 282 1446 421 1521; x_wconf 67' lang='lat' dir='ltr'>partium</span> <span class='ocrx_word' id='word_1_103' title='bbox 450 1446 640 1517; x_wconf 70' lang='lat' dir='ltr'>explicatio,</span> <span class='ocrx_word' id='word_1_104' title='bbox 672 1442 726 1503; x_wconf 85' lang='lat' dir='ltr'>cui</span> <span class='ocrx_word' id='word_1_105' title='bbox 777 1441 844 1516; x_wconf 82' lang='lat' dir='ltr'>los,</span> <span class='ocrx_word' id='word_1_106' title='bbox 870 1442 925 1515; x_wconf 80' lang='lat' dir='ltr'>qui</span> <span class='ocrx_word' id='word_1_107' title='bbox 943 1459 980 1501; x_wconf 85' lang='lat' dir='ltr'>ea</span> <span class='ocrx_word' id='word_1_108' title='bbox 1000 1453 1184 1519; x_wconf 83' lang='lat' dir='ltr'>tempestate</span> <span class='ocrx_word' id='word_1_109' title='bbox 1197 1437 1365 1520; x_wconf 78' lang='lat' dir='ltr'>jurecon-</span> 
     </span>
     <span class='ocr_line' id='line_1_15' title="bbox 140 1529 1368 1609; baseline -0.006 -14"><span class='ocrx_word' id='word_1_110' title='bbox 140 1553 200 1597; x_wconf 78' lang='lat' dir='ltr'>nos</span> <span class='ocrx_word' id='word_1_111' title='bbox 220 1532 476 1608; x_wconf 75' lang='lat' dir='ltr'>lumcmcliquod</span> <span class='ocrx_word' id='word_1_112' title='bbox 492 1551 529 1594; x_wconf 78' lang='lat' dir='ltr'>eu</span> <span class='ocrx_word' id='word_1_113' title='bbox 554 1533 729 1607; x_wconf 78' lang='lat' dir='ltr'>antiquita·</span> <span class='ocrx_word' id='word_1_114' title='bbox 779 1529 875 1593; x_wconf 85' lang='lat' dir='ltr'>deudi</span> <span class='ocrx_word' id='word_1_115' title='bbox 895 1541 1080 1609; x_wconf 84' lang='lat' dir='ltr'>potestatem</span> <span class='ocrx_word' id='word_1_116' title='bbox 1098 1529 1251 1604; x_wconf 83' lang='lat' dir='ltr'>habebat,</span> <span class='ocrx_word' id='word_1_117' title='bbox 1264 1531 1368 1608; x_wconf 82' lang='lat' dir='ltr'>legem</span> 
     </span>
     <span class='ocr_line' id='line_1_16' title="bbox 137 1616 1367 1701; baseline -0.004 -18"><span class='ocrx_word' id='word_1_118' title='bbox 137 1623 181 1683; x_wconf 80' lang='lat' dir='ltr'>tit</span> <span class='ocrx_word' id='word_1_119' title='bbox 210 1624 359 1687; x_wconf 82' lang='lat' dir='ltr'>memoria</span> <span class='ocrx_word' id='word_1_120' title='bbox 380 1621 567 1693; x_wconf 77' lang='lat' dir='ltr'>afferemus,</span> <span class='ocrx_word' id='word_1_121' title='bbox 584 1619 673 1701; x_wconf 85' lang='lat' dir='ltr'>cujus</span> <span class='ocrx_word' id='word_1_122' title='bbox 694 1623 728 1679; x_wconf 87' lang='lat' dir='ltr'>i·</span> <span class='ocrx_word' id='word_1_123' title='bbox 779 1639 846 1683; x_wconf 87' lang='lat' dir='ltr'>non</span> <span class='ocrx_word' id='word_1_124' title='bbox 871 1618 1041 1699; x_wconf 75' lang='lat' dir='ltr'>probabat,</span> <span class='ocrx_word' id='word_1_125' title='bbox 1058 1619 1112 1681; x_wconf 84' lang='lat' dir='ltr'>sed</span> <span class='ocrx_word' id='word_1_126' title='bbox 1137 1619 1230 1681; x_wconf 81' lang='lat' dir='ltr'>malle</span> <span class='ocrx_word' id='word_1_127' title='bbox 1251 1635 1285 1680; x_wconf 87' lang='lat' dir='ltr'>se</span> <span class='ocrx_word' id='word_1_128' title='bbox 1298 1616 1367 1696; x_wconf 84' lang='lat' dir='ltr'>juri</span> 
     </span>
     <span class='ocr_line' id='line_1_17' title="bbox 138 1706 1370 1794; baseline -0.002 -24"><span class='ocrx_word' id='word_1_129' title='bbox 138 1715 288 1794; x_wconf 78' lang='lat' dir='ltr'>guoratio</span> <span class='ocrx_word' id='word_1_130' title='bbox 300 1730 419 1781; x_wconf 62' lang='lat' dir='ltr'>crassos</span> <span class='ocrx_word' id='word_1_131' title='bbox 439 1716 559 1773; x_wconf 73' lang='lat' dir='ltr'>errores</span> <span class='ocrx_word' id='word_1_132' title='bbox 575 1712 706 1790; x_wconf 82' lang='lat' dir='ltr'>peperit.</span> <span class='ocrx_word' id='word_1_133' title='bbox 778 1706 1298 1790; x_wconf 80' lang='lat' dir='ltr'>antiquoadhaetetesiguificabat.</span> <span class='ocrx_word' id='word_1_134' title='bbox 1310 1708 1370 1768; x_wconf 84' lang='grc' dir='ltr'>Ρο-</span> 
     </span>
     <span class='ocr_line' id='line_1_18' title="bbox 188 1796 1366 1884; baseline -0.003 -24"><span class='ocrx_word' id='word_1_135' title='bbox 188 1819 205 1860; x_wconf 84' lang='grc'><strong>2</strong></span> <span class='ocrx_word' id='word_1_136' title='bbox 253 1799 335 1884; x_wconf 66' lang='lat' dir='ltr'>(ltere</span> <span class='ocrx_word' id='word_1_137' title='bbox 349 1799 420 1881; x_wconf 66' lang='lat' dir='ltr'>ert).</span> <span class='ocrx_word' id='word_1_138' title='bbox 434 1801 552 1880; x_wconf 81' lang='lat' dir='ltr'>Legem</span> <span class='ocrx_word' id='word_1_139' title='bbox 568 1805 585 1862; x_wconf 74' lang='lat' dir='ltr'>e</span> <span class='ocrx_word' id='word_1_140' title='bbox 599 1796 728 1884; x_wconf 79' lang='lat' dir='ltr'>legendo</span> <span class='ocrx_word' id='word_1_141' title='bbox 778 1801 907 1861; x_wconf 86' lang='lat' dir='ltr'>stesiore</span> <span class='ocrx_word' id='word_1_142' title='bbox 925 1818 1002 1860; x_wconf 85' lang='lat' dir='ltr'>vero</span> <span class='ocrx_word' id='word_1_143' title='bbox 1016 1799 1065 1859; x_wconf 84' lang='lat' dir='ltr'>lert</span> <span class='ocrx_word' id='word_1_144' title='bbox 1083 1800 1231 1879; x_wconf 56' lang='lat' dir='ltr'>&amp;populo</span> <span class='ocrx_word' id='word_1_145' title='bbox 1245 1796 1366 1874; x_wconf 86' lang='lat' dir='ltr'>proba-</span> 
     </span>
     <span class='ocr_line' id='line_1_19' title="bbox 87 1885 1365 1966; baseline -0.002 -17"><span class='ocrx_word' id='word_1_146' title='bbox 87 1886 90 1892; x_wconf 83' lang='grc'><strong>’</strong></span> <span class='ocrx_word' id='word_1_147' title='bbox 137 1886 275 1964; x_wconf 88' lang='lat' dir='ltr'>dictam,</span> <span class='ocrx_word' id='word_1_148' title='bbox 302 1892 412 1952; x_wconf 80' lang='lat' dir='ltr'>&#39;scribit</span> <span class='ocrx_word' id='word_1_149' title='bbox 426 1891 540 1953; x_wconf 89' lang='lat' dir='ltr'>Cicero</span> <span class='ocrx_word' id='word_1_150' title='bbox 563 1888 624 1951; x_wconf 85' lang='lat' dir='ltr'>lib.</span> <span class='ocrx_word' id='word_1_151' title='bbox 648 1908 674 1948; x_wconf 86' lang='lat' dir='ltr'>r.</span> <span class='ocrx_word' id='word_1_152' title='bbox 691 1885 729 1946; x_wconf 85' lang='lat' dir='ltr'>ds</span> <span class='ocrx_word' id='word_1_153' title='bbox 778 1900 809 1949; x_wconf 89' lang='lat' dir='ltr'>ta</span> <span class='ocrx_word' id='word_1_154' title='bbox 832 1887 981 1952; x_wconf 79' lang='lat' dir='ltr'>manebat</span> <span class='ocrx_word' id='word_1_155' title='bbox 1002 1890 1158 1966; x_wconf 75' lang='lat' dir='ltr'>pleneque</span> <span class='ocrx_word' id='word_1_156' title='bbox 1181 1889 1365 1951; x_wconf 76' lang='lat' dir='ltr'>constituta.</span> 
     </span>
     <span class='ocr_line' id='line_1_20' title="bbox 139 1973 1367 2058; baseline -0.003 -21"><span class='ocrx_word' id='word_1_157' title='bbox 139 1973 238 2058; x_wconf 78' lang='lat' dir='ltr'>legib.</span> <span class='ocrx_word' id='word_1_158' title='bbox 251 1993 318 2056; x_wconf 84' lang='lat' dir='ltr'>cap.</span> <span class='ocrx_word' id='word_1_159' title='bbox 336 1983 367 2038; x_wconf 88' lang='lat'>6.</span> <span class='ocrx_word' id='word_1_160' title='bbox 385 1982 533 2049; x_wconf 84' lang='lat' dir='ltr'>quoniam</span> <span class='ocrx_word' id='word_1_161' title='bbox 549 1980 582 2038; x_wconf 89' lang='lat' dir='ltr'>in</span> <span class='ocrx_word' id='word_1_162' title='bbox 600 1979 669 2054; x_wconf 82' lang='lat' dir='ltr'>lege</span> <span class='ocrx_word' id='word_1_163' title='bbox 681 1977 732 2034; x_wconf 88' lang='lat' dir='ltr'>in·</span> <span class='ocrx_word' id='word_1_164' title='bbox 781 1974 980 2038; x_wconf 80' lang='lat' dir='ltr'>Plebisct‘tom</span> <span class='ocrx_word' id='word_1_165' title='bbox 994 1990 1098 2038; x_wconf 87' lang='lat' dir='ltr'>autem</span> <span class='ocrx_word' id='word_1_166' title='bbox 1114 1978 1367 2039; x_wconf 73' lang='lat' dir='ltr'>constituebatur</span> 
     </span>
     <span class='ocr_line' id='line_1_21' title="bbox 140 2062 1370 2145; baseline -0.003 -19"><span class='ocrx_word' id='word_1_167' title='bbox 140 2077 193 2126; x_wconf 79' lang='lat' dir='ltr'>est</span> <span class='ocrx_word' id='word_1_168' title='bbox 213 2066 262 2125; x_wconf 83' lang='lat' dir='ltr'>vis</span> <span class='ocrx_word' id='word_1_169' title='bbox 278 2064 430 2127; x_wconf 82' lang='lat' dir='ltr'>dilectus:</span> <span class='ocrx_word' id='word_1_170' title='bbox 447 2064 539 2145; x_wconf 81' lang='lat' dir='ltr'>jubet</span> <span class='ocrx_word' id='word_1_171' title='bbox 560 2068 644 2127; x_wconf 86' lang='lat' dir='ltr'>enim</span> <span class='ocrx_word' id='word_1_172' title='bbox 660 2081 731 2138; x_wconf 78' lang='lat' dir='ltr'>quae</span> <span class='ocrx_word' id='word_1_173' title='bbox 781 2064 799 2125; x_wconf 69' lang='grc' dir='ltr'>ἐ</span> <span class='ocrx_word' id='word_1_174' title='bbox 817 2067 926 2141; x_wconf 86' lang='lat' dir='ltr'>plebe,</span> <span class='ocrx_word' id='word_1_175' title='bbox 944 2062 1065 2142; x_wconf 87' lang='lat' dir='ltr'>plebejo</span> <span class='ocrx_word' id='word_1_176' title='bbox 1078 2064 1281 2143; x_wconf 74' lang='lat' dir='ltr'>Magistrum,</span> <span class='ocrx_word' id='word_1_177' title='bbox 1300 2062 1370 2122; x_wconf 88' lang='lat' dir='ltr'>vel·</span> 
     </span>
     <span class='ocr_line' id='line_1_22' title="bbox 141 2152 1371 2233; baseline -0.005 -17"><span class='ocrx_word' id='word_1_178' title='bbox 141 2152 276 2216; x_wconf 79' lang='lat' dir='ltr'>honesta</span> <span class='ocrx_word' id='word_1_179' title='bbox 299 2167 391 2225; x_wconf 81' lang='lat' dir='ltr'>sunt,</span> <span class='ocrx_word' id='word_1_180' title='bbox 413 2154 623 2233; x_wconf 76' lang='lat' dir='ltr'>prohibetque</span> <span class='ocrx_word' id='word_1_181' title='bbox 647 2173 730 2215; x_wconf 87' lang='lat' dir='ltr'>con·</span> <span class='ocrx_word' id='word_1_182' title='bbox 772 2152 827 2214; x_wconf 86' lang='lat' dir='ltr'>¹uti</span> <span class='ocrx_word' id='word_1_183' title='bbox 843 2155 1004 2226; x_wconf 84' lang='lat' dir='ltr'>Tribono‚</span> <span class='ocrx_word' id='word_1_184' title='bbox 1022 2154 1297 2232; x_wconf 53' lang='lat' dir='ltr'>interrogantem</span> <span class='ocrx_word' id='word_1_185' title='bbox 1313 2169 1371 2212; x_wconf 89' lang='lat' dir='ltr'>co·</span> 
     </span>
     <span class='ocr_line' id='line_1_23' title="bbox 141 2238 1371 2325; baseline -0.002 -23"><span class='ocrx_word' id='word_1_186' title='bbox 141 2247 239 2303; x_wconf 82' lang='lat' dir='ltr'>ttatlt</span> <span class='ocrx_word' id='word_1_187' title='bbox 255 2238 316 2325; x_wconf 85' lang='lat' dir='ltr'>(r)</span> <span class='ocrx_word' id='word_1_188' title='bbox 330 2243 424 2306; x_wconf 85' lang='lat' dir='ltr'><strong>Unde</strong></span> <span class='ocrx_word' id='word_1_189' title='bbox 442 2243 633 2306; x_wconf 83' lang='lat' dir='ltr'>vocabulum</span> <span class='ocrx_word' id='word_1_190' title='bbox 649 2244 729 2323; x_wconf 81' lang='lat' dir='ltr'>legis</span> <span class='ocrx_word' id='word_1_191' title='bbox 780 2246 875 2306; x_wconf 83' lang='lat' dir='ltr'>mitiis</span> <span class='ocrx_word' id='word_1_192' title='bbox 890 2245 1033 2320; x_wconf 81' lang='lat' dir='ltr'>tribulis,</span> <span class='ocrx_word' id='word_1_193' title='bbox 1046 2263 1107 2317; x_wconf 86' lang='lat' dir='ltr'>qua</span> <span class='ocrx_word' id='word_1_194' title='bbox 1125 2244 1166 2303; x_wconf 91' lang='lat' dir='ltr'>de</span> <span class='ocrx_word' id='word_1_195' title='bbox 1182 2261 1213 2303; x_wconf 86' lang='lat' dir='ltr'>te</span> <span class='ocrx_word' id='word_1_196' title='bbox 1225 2241 1371 2315; x_wconf 84' lang='lat' dir='ltr'>antiqui·</span> 
     </span>
     <span class='ocr_line' id='line_1_24' title="bbox 142 2329 1365 2413; baseline -0.002 -21"><span class='ocrx_word' id='word_1_197' title='bbox 142 2348 213 2396; x_wconf 64' lang='lat' dir='ltr'>‘nou</span> <span class='ocrx_word' id='word_1_198' title='bbox 230 2333 332 2394; x_wconf 81' lang='lat' dir='ltr'>minus</span> <span class='ocrx_word' id='word_1_199' title='bbox 346 2332 407 2393; x_wconf 77' lang='lat' dir='ltr'>late</span> <span class='ocrx_word' id='word_1_200' title='bbox 420 2350 520 2411; x_wconf 85' lang='lat' dir='ltr'>putet,</span> <span class='ocrx_word' id='word_1_201' title='bbox 533 2330 728 2413; x_wconf 78' lang='lat' dir='ltr'>qoamjulist</span> <span class='ocrx_word' id='word_1_202' title='bbox 780 2337 853 2394; x_wconf 83' lang='lat' dir='ltr'>tatis</span> <span class='ocrx_word' id='word_1_203' title='bbox 866 2334 1175 2395; x_wconf 76' lang='lat' dir='ltr'>studioslcoruulans</span> <span class='ocrx_word' id='word_1_204' title='bbox 1187 2329 1294 2393; x_wconf 82' lang='lat' dir='ltr'>Catol.</span> <span class='ocrx_word' id='word_1_205' title='bbox 1309 2330 1365 2391; x_wconf 87' lang='lat' dir='ltr'>Si·</span> 
     </span>
     <span class='ocr_line' id='line_1_25' title="bbox 128 2419 1368 2503; baseline 0.001 -24"><span class='ocrx_word' id='word_1_206' title='bbox 128 2434 211 2481; x_wconf 61' lang='lat' dir='ltr'>‘tam</span> <span class='ocrx_word' id='word_1_207' title='bbox 236 2424 318 2482; x_wconf 76' lang='lat' dir='ltr'>enim</span> <span class='ocrx_word' id='word_1_208' title='bbox 344 2420 495 2499; x_wconf 80' lang='lat' dir='ltr'>dicimus,</span> <span class='ocrx_word' id='word_1_209' title='bbox 518 2425 588 2501; x_wconf 85' lang='lat' dir='ltr'>lege</span> <span class='ocrx_word' id='word_1_210' title='bbox 612 2436 731 2485; x_wconf 77' lang='lat' dir='ltr'>naturae</span> <span class='ocrx_word' id='word_1_211' title='bbox 782 2426 925 2503; x_wconf 84' lang='lat' dir='ltr'>gouiom,</span> <span class='ocrx_word' id='word_1_212' title='bbox 937 2435 968 2484; x_wconf 91' lang='lat' dir='ltr'>et</span> <span class='ocrx_word' id='word_1_213' title='bbox 984 2419 1294 2494; x_wconf 84' lang='lat' dir='ltr'>NicolGrucbiotn,</span> <span class='ocrx_word' id='word_1_214' title='bbox 1310 2420 1368 2493; x_wconf 87' lang='lat' dir='ltr'>qui</span> 
     </span>
     <span class='ocr_line' id='line_1_26' title="bbox 141 2510 1375 2590; baseline -0.002 -21"><span class='ocrx_word' id='word_1_215' title='bbox 141 2510 222 2581; x_wconf 83' lang='lat' dir='ltr'>quid</span> <span class='ocrx_word' id='word_1_216' title='bbox 235 2528 427 2583; x_wconf 85' lang='lat' dir='ltr'>concessum,</span> <span class='ocrx_word' id='word_1_217' title='bbox 440 2525 495 2572; x_wconf 88' lang='lat' dir='ltr'>aut</span> <span class='ocrx_word' id='word_1_218' title='bbox 508 2514 641 2574; x_wconf 87' lang='lat' dir='ltr'>vetitum</span> <span class='ocrx_word' id='word_1_219' title='bbox 654 2529 732 2588; x_wconf 85' lang='lat' dir='ltr'>esse,</span> <span class='ocrx_word' id='word_1_220' title='bbox 782 2531 820 2574; x_wconf 78' lang='lat' dir='ltr'>ex</span> <span class='ocrx_word' id='word_1_221' title='bbox 837 2513 974 2590; x_wconf 79' lang='lat' dir='ltr'>professo</span> <span class='ocrx_word' id='word_1_222' title='bbox 993 2510 1033 2585; x_wconf 87' lang='lat' dir='ltr'>de</span> <span class='ocrx_word' id='word_1_223' title='bbox 1049 2512 1185 2574; x_wconf 87' lang='lat' dir='ltr'>comitiis</span> <span class='ocrx_word' id='word_1_224' title='bbox 1203 2510 1375 2571; x_wconf 83' lang='lat' dir='ltr'>Romano-</span> 
     </span>
     <span class='ocr_line' id='line_1_27' title="bbox 145 2597 1072 2678; baseline -0.001 -20"><span class='ocrx_word' id='word_1_225' title='bbox 145 2615 242 2672; x_wconf 75' lang='lat' dir='ltr'>quatn</span> <span class='ocrx_word' id='word_1_226' title='bbox 269 2597 360 2678; x_wconf 85' lang='lat' dir='ltr'>jure,</span> <span class='ocrx_word' id='word_1_227' title='bbox 384 2616 420 2660; x_wconf 87' lang='lat' dir='ltr'>ut</span> <span class='ocrx_word' id='word_1_228' title='bbox 442 2601 528 2677; x_wconf 83' lang='lat' dir='ltr'>apud</span> <span class='ocrx_word' id='word_1_229' title='bbox 547 2602 734 2664; x_wconf 82' lang='lat' dir='ltr'>Ciceronem</span> <span class='ocrx_word' id='word_1_230' title='bbox 784 2619 853 2661; x_wconf 87' lang='lat' dir='ltr'>tum</span> <span class='ocrx_word' id='word_1_231' title='bbox 867 2604 1072 2677; x_wconf 85' lang='lat' dir='ltr'>scripserunt.</span> 
     </span>
     <span class='ocr_line' id='line_1_28' title="bbox 145 2681 1369 2769; baseline -0.003 -23"><span class='ocrx_word' id='word_1_232' title='bbox 145 2687 283 2767; x_wconf 82' lang='lat' dir='ltr'>passim:</span> <span class='ocrx_word' id='word_1_233' title='bbox 301 2689 550 2760; x_wconf 82' lang='lat' dir='ltr'>frequentisslme</span> <span class='ocrx_word' id='word_1_234' title='bbox 563 2705 668 2751; x_wconf 87' lang='lat' dir='ltr'>autem</span> <span class='ocrx_word' id='word_1_235' title='bbox 684 2690 736 2750; x_wconf 84' lang='lat' dir='ltr'>le·</span> <span class='ocrx_word' id='word_1_236' title='bbox 835 2707 849 2764; x_wconf 84' lang='lat'>5</span> <span class='ocrx_word' id='word_1_237' title='bbox 887 2686 969 2769; x_wconf 81' lang='lat' dir='ltr'>(Quo</span> <span class='ocrx_word' id='word_1_238' title='bbox 983 2681 1122 2768; x_wconf 68' lang='lat' dir='ltr'>species).</span> <span class='ocrx_word' id='word_1_239' title='bbox 1137 2685 1193 2744; x_wconf 83' lang='lat' dir='ltr'>Ait</span> <span class='ocrx_word' id='word_1_240' title='bbox 1206 2681 1369 2760; x_wconf 80' lang='lat' dir='ltr'>J&#39;ustiniu-</span> 
     </span>
     <span class='ocr_line' id='line_1_29' title="bbox 148 2769 1370 2855; baseline -0.003 -20"><span class='ocrx_word' id='word_1_241' title='bbox 148 2793 223 2855; x_wconf 81' lang='lat' dir='ltr'>gem</span> <span class='ocrx_word' id='word_1_242' title='bbox 235 2777 440 2852; x_wconf 82' lang='lat' dir='ltr'>appellamus,</span> <span class='ocrx_word' id='word_1_243' title='bbox 453 2796 523 2850; x_wconf 79' lang='lat' dir='ltr'>quse</span> <span class='ocrx_word' id='word_1_244' title='bbox 537 2780 653 2853; x_wconf 86' lang='lat' dir='ltr'>sctipro</span> <span class='ocrx_word' id='word_1_245' title='bbox 664 2795 738 2837; x_wconf 83' lang='lat' dir='ltr'>san·</span> <span class='ocrx_word' id='word_1_246' title='bbox 783 2774 848 2837; x_wconf 53' lang='lat' dir='ltr'>“nus</span> <span class='ocrx_word' id='word_1_247' title='bbox 865 2774 987 2849; x_wconf 78' lang='lat' dir='ltr'>plebem</span> <span class='ocrx_word' id='word_1_248' title='bbox 1008 2773 1025 2832; x_wconf 71' lang='lat' dir='ltr'>b</span> <span class='ocrx_word' id='word_1_249' title='bbox 1043 2773 1161 2853; x_wconf 89' lang='lat' dir='ltr'>populo</span> <span class='ocrx_word' id='word_1_250' title='bbox 1177 2788 1215 2832; x_wconf 91' lang='lat' dir='ltr'>eo</span> <span class='ocrx_word' id='word_1_251' title='bbox 1231 2769 1370 2846; x_wconf 65' lang='lat' dir='ltr'>cillicae,</span> 
     </span>
     <span class='ocr_line' id='line_1_30' title="bbox 149 2858 1374 2942; baseline -0.002 -18"><span class='ocrx_word' id='word_1_252' title='bbox 149 2866 195 2925; x_wconf 88' lang='lat' dir='ltr'>cit</span> <span class='ocrx_word' id='word_1_253' title='bbox 210 2861 299 2936; x_wconf 90' lang='lat' dir='ltr'>quod</span> <span class='ocrx_word' id='word_1_254' title='bbox 313 2868 395 2938; x_wconf 78' lang='lat' dir='ltr'>vult3</span> <span class='ocrx_word' id='word_1_255' title='bbox 406 2881 507 2938; x_wconf 74' lang='lat' dir='ltr'>eoque</span> <span class='ocrx_word' id='word_1_256' title='bbox 517 2865 679 2941; x_wconf 81' lang='lat' dir='ltr'>popularis</span> <span class='ocrx_word' id='word_1_257' title='bbox 692 2876 740 2925; x_wconf 85' lang='lat' dir='ltr'>est</span> <span class='ocrx_word' id='word_1_258' title='bbox 786 2883 853 2938; x_wconf 86' lang='lat' dir='ltr'>quo</span> <span class='ocrx_word' id='word_1_259' title='bbox 873 2863 990 2939; x_wconf 81' lang='lat' dir='ltr'>species</span> <span class='ocrx_word' id='word_1_260' title='bbox 1008 2861 1170 2942; x_wconf 48' lang='lat' dir='ltr'>&amp;gemetu</span> <span class='ocrx_word' id='word_1_261' title='bbox 1186 2858 1218 2921; x_wconf 91' lang='lat' dir='ltr'>id</span> <span class='ocrx_word' id='word_1_262' title='bbox 1234 2872 1292 2938; x_wconf 81' lang='lat' dir='ltr'>est,</span> <span class='ocrx_word' id='word_1_263' title='bbox 1308 2879 1374 2935; x_wconf 89' lang='lat' dir='ltr'>quo</span> 
     </span>
     <span class='ocr_line' id='line_1_31' title="bbox 149 2950 1143 3105; baseline 0 -92"><span class='ocrx_word' id='word_1_264' title='bbox 149 2950 246 3030; x_wconf 81' lang='lat' dir='ltr'>hujus</span> <span class='ocrx_word' id='word_1_265' title='bbox 268 2971 353 3012; x_wconf 80' lang='lat' dir='ltr'>vocrs</span> <span class='ocrx_word' id='word_1_266' title='bbox 369 2950 578 3033; x_wconf 70' lang='lat' dir='ltr'>stemfictuo</span> <span class='ocrx_word' id='word_1_267' title='bbox 592 2965 671 3013; x_wconf 85' lang='lat' dir='ltr'>teste</span> <span class='ocrx_word' id='word_1_268' title='bbox 688 2970 737 3014; x_wconf 89' lang='lat' dir='ltr'>eo·</span> <span class='ocrx_word' id='word_1_269' title='bbox 776 2952 920 3105; x_wconf 48' lang='lat' dir='ltr'>pagsi</span> <span class='ocrx_word' id='word_1_270' title='bbox 921 2966 1000 3013; x_wconf 86' lang='lat' dir='ltr'>toto.</span> <span class='ocrx_word' id='word_1_271' title='bbox 1139 2988 1143 2993; x_wconf 87' lang='lat'><strong>·</strong></span> 
     </span>
     <span class='ocr_line' id='line_1_32' title="bbox 151 3036 1378 3127; baseline 0.002 -27"><span class='ocrx_word' id='word_1_272' title='bbox 151 3039 225 3102; x_wconf 88' lang='lat' dir='ltr'>dem</span> <span class='ocrx_word' id='word_1_273' title='bbox 240 3039 441 3102; x_wconf 78' lang='lat' dir='ltr'>Ciceroned.</span> <span class='ocrx_word' id='word_1_274' title='bbox 456 3039 510 3103; x_wconf 78' lang='lat' dir='ltr'>lib.</span> <span class='ocrx_word' id='word_1_275' title='bbox 534 3062 560 3104; x_wconf 87' lang='lat' dir='ltr'>t.</span> <span class='ocrx_word' id='word_1_276' title='bbox 577 3039 615 3100; x_wconf 80' lang='lat' dir='ltr'>de</span> <span class='ocrx_word' id='word_1_277' title='bbox 639 3036 780 3123; x_wconf 61' lang='lat' dir='ltr'>legib·</span> <span class='ocrx_word' id='word_1_278' title='bbox 833 3039 1007 3127; x_wconf 83' lang='lat' dir='ltr'>6(Lege</span> <span class='ocrx_word' id='word_1_279' title='bbox 1023 3036 1229 3126; x_wconf 74' lang='lat' dir='ltr'>Hortensta&#39;).</span> <span class='ocrx_word' id='word_1_280' title='bbox 1249 3042 1308 3102; x_wconf 86' lang='lat' dir='ltr'>Pet</span> <span class='ocrx_word' id='word_1_281' title='bbox 1328 3041 1378 3102; x_wconf 86' lang='lat' dir='ltr'>le-</span> 
     </span>
     <span class='ocr_line' id='line_1_33' title="bbox 152 3129 1376 3214; baseline 0.002 -27"><span class='ocrx_word' id='word_1_282' title='bbox 152 3145 177 3189; x_wconf 81' lang='lat' dir='ltr'>c.</span> <span class='ocrx_word' id='word_1_283' title='bbox 200 3132 230 3189; x_wconf 87' lang='lat'>6.</span> <span class='ocrx_word' id='word_1_284' title='bbox 247 3129 362 3210; x_wconf 80' lang='lat' dir='ltr'>Neque</span> <span class='ocrx_word' id='word_1_285' title='bbox 377 3143 484 3191; x_wconf 83' lang='lat' dir='ltr'>tamen</span> <span class='ocrx_word' id='word_1_286' title='bbox 503 3132 606 3192; x_wconf 82' lang='lat' dir='ltr'>omnis</span> <span class='ocrx_word' id='word_1_287' title='bbox 622 3134 737 3203; x_wconf 78' lang='lat' dir='ltr'>scripta</span> <span class='ocrx_word' id='word_1_288' title='bbox 759 3188 764 3194; x_wconf 87' lang='grc'><em>,</em></span> <span class='ocrx_word' id='word_1_289' title='bbox 787 3153 859 3214; x_wconf 84' lang='lat' dir='ltr'>gem</span> <span class='ocrx_word' id='word_1_290' title='bbox 876 3132 1079 3192; x_wconf 71' lang='lat' dir='ltr'>Hortensium</span> <span class='ocrx_word' id='word_1_291' title='bbox 1105 3132 1245 3199; x_wconf 82' lang='lat' dir='ltr'>aliosque</span> <span class='ocrx_word' id='word_1_292' title='bbox 1266 3129 1376 3192; x_wconf 82' lang='lat' dir='ltr'>eadem</span> 
     </span>
     <span class='ocr_line' id='line_1_34' title="bbox 152 3214 1373 3297; baseline 0.002 -20"><span class='ocrx_word' id='word_1_293' title='bbox 152 3218 276 3279; x_wconf 84' lang='lat' dir='ltr'>sanctio</span> <span class='ocrx_word' id='word_1_294' title='bbox 291 3236 377 3281; x_wconf 87' lang='lat' dir='ltr'>arcto</span> <span class='ocrx_word' id='word_1_295' title='bbox 399 3214 580 3296; x_wconf 80' lang='lat' dir='ltr'>significato</span> <span class='ocrx_word' id='word_1_296' title='bbox 604 3221 653 3280; x_wconf 84' lang='lat' dir='ltr'>lex</span> <span class='ocrx_word' id='word_1_297' title='bbox 680 3232 738 3297; x_wconf 87' lang='lat' dir='ltr'>est,</span> <span class='ocrx_word' id='word_1_298' title='bbox 787 3221 962 3284; x_wconf 81' lang='lat' dir='ltr'>auctoritas</span> <span class='ocrx_word' id='word_1_299' title='bbox 984 3218 1058 3278; x_wconf 77' lang='lat' dir='ltr'>deta</span> <span class='ocrx_word' id='word_1_300' title='bbox 1072 3234 1117 3277; x_wconf 85' lang='lat' dir='ltr'>est</span> <span class='ocrx_word' id='word_1_301' title='bbox 1136 3218 1320 3294; x_wconf 80' lang='lat' dir='ltr'>plebiscitis,</span> <span class='ocrx_word' id='word_1_302' title='bbox 1336 3237 1373 3282; x_wconf 83' lang='lat' dir='ltr'>ac</span> 
     </span>
     <span class='ocr_line' id='line_1_35' title="bbox 136 3302 1372 3388; baseline 0.001 -23"><span class='ocrx_word' id='word_1_303' title='bbox 136 3348 139 3355; x_wconf 70' lang='lat'>,</span> <span class='ocrx_word' id='word_1_304' title='bbox 154 3307 209 3366; x_wconf 80' lang='lat' dir='ltr'>sed</span> <span class='ocrx_word' id='word_1_305' title='bbox 226 3302 262 3368; x_wconf 81' lang='lat' dir='ltr'>ea</span> <span class='ocrx_word' id='word_1_306' title='bbox 276 3320 411 3369; x_wconf 85' lang='lat' dir='ltr'>tantum.</span> <span class='ocrx_word' id='word_1_307' title='bbox 424 3326 486 3379; x_wconf 82' lang='lat' dir='ltr'>qua</span> <span class='ocrx_word' id='word_1_308' title='bbox 500 3310 667 3369; x_wconf 83' lang='lat' dir='ltr'>universus</span> <span class='ocrx_word' id='word_1_309' title='bbox 680 3329 738 3385; x_wconf 89' lang='lat' dir='ltr'>po·</span> <span class='ocrx_word' id='word_1_310' title='bbox 780 3309 863 3387; x_wconf 54' lang='lat' dir='ltr'>‘ipsis</span> <span class='ocrx_word' id='word_1_311' title='bbox 880 3305 1013 3388; x_wconf 81' lang='lat' dir='ltr'>legibus,</span> <span class='ocrx_word' id='word_1_312' title='bbox 1026 3320 1056 3365; x_wconf 88' lang='lat' dir='ltr'>et</span> <span class='ocrx_word' id='word_1_313' title='bbox 1070 3325 1176 3368; x_wconf 84' lang='lat' dir='ltr'>ornnes</span> <span class='ocrx_word' id='word_1_314' title='bbox 1188 3309 1272 3370; x_wconf 83' lang='lat' dir='ltr'>cives</span> <span class='ocrx_word' id='word_1_315' title='bbox 1284 3305 1372 3368; x_wconf 91' lang='lat' dir='ltr'>obli-</span> 
     </span>
     <span class='ocr_line' id='line_1_36' title="bbox 140 3392 1377 3481; baseline 0.001 -25"><span class='ocrx_word' id='word_1_316' title='bbox 140 3392 252 3481; x_wconf 80' lang='lat' dir='ltr'>‘pulus</span> <span class='ocrx_word' id='word_1_317' title='bbox 277 3394 504 3476; x_wconf 73' lang='lat' dir='ltr'>obstringitur:</span> <span class='ocrx_word' id='word_1_318' title='bbox 533 3415 591 3459; x_wconf 87' lang='lat' dir='ltr'>nec</span> <span class='ocrx_word' id='word_1_319' title='bbox 609 3397 672 3456; x_wconf 88' lang='lat' dir='ltr'>alia</span> <span class='ocrx_word' id='word_1_320' title='bbox 698 3395 739 3458; x_wconf 92' lang='lat' dir='ltr'>de</span> <span class='ocrx_word' id='word_1_321' title='bbox 789 3416 864 3479; x_wconf 83' lang='lat' dir='ltr'>gare</span> <span class='ocrx_word' id='word_1_322' title='bbox 893 3405 1081 3474; x_wconf 87' lang='lat' dir='ltr'>coepetuot,</span> <span class='ocrx_word' id='word_1_323' title='bbox 1119 3413 1155 3459; x_wconf 88' lang='lat' dir='ltr'>ut</span> <span class='ocrx_word' id='word_1_324' title='bbox 1176 3396 1313 3460; x_wconf 85' lang='lat' dir='ltr'>vidimus</span> <span class='ocrx_word' id='word_1_325' title='bbox 1340 3398 1377 3457; x_wconf 84' lang='lat' dir='ltr'>im</span> 
     </span>
     <span class='ocr_line' id='line_1_37' title="bbox 154 3484 1376 3571; baseline -0.001 -26"><span class='ocrx_word' id='word_1_326' title='bbox 154 3501 248 3545; x_wconf 83' lang='lat' dir='ltr'>causa</span> <span class='ocrx_word' id='word_1_327' title='bbox 266 3484 428 3560; x_wconf 83' lang='lat' dir='ltr'>plebiscita</span> <span class='ocrx_word' id='word_1_328' title='bbox 447 3486 540 3545; x_wconf 79' lang='lat' dir='ltr'>initio</span> <span class='ocrx_word' id='word_1_329' title='bbox 553 3486 638 3566; x_wconf 83' lang='lat' dir='ltr'>leges</span> <span class='ocrx_word' id='word_1_330' title='bbox 654 3484 740 3547; x_wconf 84' lang='lat' dir='ltr'>dicta</span> <span class='ocrx_word' id='word_1_331' title='bbox 788 3485 934 3546; x_wconf 83' lang='lat' dir='ltr'>Historia</span> <span class='ocrx_word' id='word_1_332' title='bbox 952 3506 1003 3545; x_wconf 81' lang='lat' dir='ltr'>nu.</span> <span class='ocrx_word' id='word_1_333' title='bbox 1024 3488 1075 3546; x_wconf 81' lang='lat'>28.</span> <span class='ocrx_word' id='word_1_334' title='bbox 1092 3499 1123 3548; x_wconf 91' lang='lat' dir='ltr'>et</span> <span class='ocrx_word' id='word_1_335' title='bbox 1149 3505 1200 3571; x_wconf 84' lang='lat'>30.</span> <span class='ocrx_word' id='word_1_336' title='bbox 1215 3504 1312 3560; x_wconf 84' lang='lat' dir='ltr'>atque</span> <span class='ocrx_word' id='word_1_337' title='bbox 1328 3484 1376 3544; x_wconf 80' lang='lat' dir='ltr'>ite</span> 
     </span>
     <span class='ocr_line' id='line_1_38' title="bbox 156 3573 1375 3657; baseline -0.001 -24"><span class='ocrx_word' id='word_1_338' title='bbox 156 3573 741 3680; x_wconf 68' lang='lat' dir='ltr'>mousom,quamquodpattemtan·</span> <span class='ocrx_word' id='word_1_339' title='bbox 789 3575 908 3638; x_wconf 82' lang='lat' dir='ltr'>factum</span> <span class='ocrx_word' id='word_1_340' title='bbox 936 3588 1007 3657; x_wconf 83' lang='lat' dir='ltr'>est</span> <span class='ocrx_word' id='word_1_341' title='bbox 1038 3587 1075 3635; x_wconf 87' lang='lat' dir='ltr'>ut</span> <span class='ocrx_word' id='word_1_342' title='bbox 1107 3575 1153 3636; x_wconf 85' lang='lat' dir='ltr'>ait</span> <span class='ocrx_word' id='word_1_343' title='bbox 1182 3574 1375 3649; x_wconf 83' lang='lat' dir='ltr'>Pomponius</span> 
     </span>
     <span class='ocr_line' id='line_1_39' title="bbox 143 3660 1376 3748; baseline -0.003 -24"><span class='ocrx_word' id='word_1_344' title='bbox 143 3660 227 3724; x_wconf 75' lang='lat' dir='ltr'>&#39;turn</span> <span class='ocrx_word' id='word_1_345' title='bbox 250 3663 369 3723; x_wconf 71' lang='lat' dir='ltr'>citium</span> <span class='ocrx_word' id='word_1_346' title='bbox 383 3660 578 3742; x_wconf 76' lang='lat' dir='ltr'>obligobrnt</span> <span class='ocrx_word' id='word_1_347' title='bbox 606 3663 647 3724; x_wconf 85' lang='lat' dir='ltr'>At</span> <span class='ocrx_word' id='word_1_348' title='bbox 672 3682 741 3740; x_wconf 84' lang='lat' dir='ltr'>post</span> <span class='ocrx_word' id='word_1_349' title='bbox 790 3664 813 3730; x_wconf 85' lang='lat' dir='ltr'>l.</span> <span class='ocrx_word' id='word_1_350' title='bbox 832 3686 862 3726; x_wconf 84' lang='lat'>2.</span> <span class='ocrx_word' id='word_1_351' title='bbox 890 3661 1088 3748; x_wconf 81' lang='lat' dir='ltr'>§.deiude8.</span> <span class='ocrx_word' id='word_1_352' title='bbox 1112 3661 1245 3744; x_wconf 76' lang='lat' dir='ltr'>deorig.</span> <span class='ocrx_word' id='word_1_353' title='bbox 1258 3667 1324 3743; x_wconf 68' lang='lat' dir='ltr'>for.</span> <span class='ocrx_word' id='word_1_354' title='bbox 1341 3673 1376 3720; x_wconf 80' lang='lat' dir='ltr'>ot</span> 
     </span>
     <span class='ocr_line' id='line_1_40' title="bbox 155 3740 1377 3835; baseline -0.002 -27"><span class='ocrx_word' id='word_1_355' title='bbox 155 3746 260 3829; x_wconf 84' lang='lat' dir='ltr'>legem</span> <span class='ocrx_word' id='word_1_356' title='bbox 277 3740 476 3828; x_wconf 75' lang='lat' dir='ltr'>Hortensium</span> <span class='ocrx_word' id='word_1_357' title='bbox 494 3752 656 3828; x_wconf 76' lang='lat' dir='ltr'>plebiscita</span> <span class='ocrx_word' id='word_1_358' title='bbox 679 3773 742 3814; x_wconf 90' lang='lat' dir='ltr'>non</span> <span class='ocrx_word' id='word_1_359' title='bbox 790 3753 873 3814; x_wconf 83' lang='lat' dir='ltr'>iuter</span> <span class='ocrx_word' id='word_1_360' title='bbox 890 3753 1008 3835; x_wconf 78' lang='lat' dir='ltr'>legem,</span> <span class='ocrx_word' id='word_1_361' title='bbox 1037 3765 1067 3810; x_wconf 83' lang='lat' dir='ltr'>et</span> <span class='ocrx_word' id='word_1_362' title='bbox 1090 3747 1285 3830; x_wconf 77' lang='lat' dir='ltr'>plebiscitum</span> <span class='ocrx_word' id='word_1_363' title='bbox 1303 3765 1377 3831; x_wconf 82' lang='lat' dir='ltr'>spe-</span> 
     </span>
     <span class='ocr_line' id='line_1_41' title="bbox 158 3835 1376 3920; baseline -0.001 -22"><span class='ocrx_word' id='word_1_364' title='bbox 158 3841 265 3900; x_wconf 82' lang='lat' dir='ltr'>minus</span> <span class='ocrx_word' id='word_1_365' title='bbox 298 3842 423 3918; x_wconf 85' lang='lat' dir='ltr'>proprie</span> <span class='ocrx_word' id='word_1_366' title='bbox 450 3841 536 3920; x_wconf 86' lang='lat' dir='ltr'>leges</span> <span class='ocrx_word' id='word_1_367' title='bbox 574 3840 784 3917; x_wconf 84' lang='lat' dir='ltr'>appellata,</span> <span class='ocrx_word' id='word_1_368' title='bbox 777 3842 853 3903; x_wconf 83' lang='lat' dir='ltr'>cies</span> <span class='ocrx_word' id='word_1_369' title='bbox 884 3841 1045 3902; x_wconf 77' lang='lat' dir='ltr'>interesset</span> <span class='ocrx_word' id='word_1_370' title='bbox 1066 3835 1289 3898; x_wconf 78' lang='lat' dir='ltr'>constituendi:</span> <span class='ocrx_word' id='word_1_371' title='bbox 1313 3851 1376 3912; x_wconf 82' lang='lat' dir='ltr'>po·</span> 
     </span>
     <span class='ocr_line' id='line_1_42' title="bbox 160 3925 1377 4009; baseline -0.002 -20"><span class='ocrx_word' id='word_1_372' title='bbox 160 3942 257 3989; x_wconf 75' lang='lat' dir='ltr'>uuam</span> <span class='ocrx_word' id='word_1_373' title='bbox 279 3945 351 4001; x_wconf 83' lang='lat' dir='ltr'>qoae</span> <span class='ocrx_word' id='word_1_374' title='bbox 375 3933 532 4009; x_wconf 83' lang='lat' dir='ltr'>populus,</span> <span class='ocrx_word' id='word_1_375' title='bbox 539 3931 742 3995; x_wconf 83' lang='lat' dir='ltr'>centuriatim</span> <span class='ocrx_word' id='word_1_376' title='bbox 791 3945 891 3992; x_wconf 73' lang='lat' dir='ltr'>cessas</span> <span class='ocrx_word' id='word_1_377' title='bbox 907 3945 1007 4005; x_wconf 71' lang='lat' dir='ltr'>samen</span> <span class='ocrx_word' id='word_1_378' title='bbox 1022 3925 1236 3986; x_wconf 52' lang='lat' dir='ltr'>eademessers</span> <span class='ocrx_word' id='word_1_379' title='bbox 1230 3926 1278 3983; x_wconf 87' lang='lat' dir='ltr'>ln</span> <span class='ocrx_word' id='word_1_380' title='bbox 1292 3938 1377 3980; x_wconf 84' lang='lat' dir='ltr'>sum-</span> 
     </span>
    </p>
   </div>
   <div class='ocr_carea' id='block_1_3' title="bbox 156 4006 1405 4099">
    <p class='ocr_par' dir='ltr' id='par_1_3' title="bbox 156 4006 1405 4099">
     <span class='ocr_line' id='line_1_43' title="bbox 156 4006 1405 4099; baseline -0.015 -7"><span class='ocrx_word' id='word_1_381' title='bbox 156 4006 321 4092; x_wconf 53' lang='lat' dir='ltr'>immet·</span> <span class='ocrx_word' id='word_1_382' title='bbox 793 4000 1069 4099; x_wconf 78' lang='lat' dir='ltr'>mausplebiscita</span> <span class='ocrx_word' id='word_1_383' title='bbox 1086 4016 1405 4097; x_wconf 66' lang='lat' dir='ltr'>eslamlegesreve,</span> 
     </span>
    </p>
   </div>
   <div class='ocr_carea' id='block_1_4' title="bbox 204 4142 1097 4357">
    <p class='ocr_par' dir='ltr' id='par_1_4' title="bbox 204 4142 1097 4357">
     <span class='ocr_line' id='line_1_44' title="bbox 207 4142 1097 4272; baseline -0.048 0"><span class='ocrx_word' id='word_1_384' title='bbox 207 4185 258 4272; x_wconf 68' lang='grc' dir='ltr'>(Ι)</span> <span class='ocrx_word' id='word_1_385' title='bbox 303 4142 636 4270; x_wconf 9' lang='grc' dir='ltr'>Εο4ιτίν.ι.Ρ.ι.ῆ</span> <span class='ocrx_word' id='word_1_386' title='bbox 909 4218 915 4235; x_wconf 83' lang='lat'><strong>.</strong></span> <span class='ocrx_word' id='word_1_387' title='bbox 959 4226 964 4237; x_wconf 90' lang='lat'><strong>.</strong></span> <span class='ocrx_word' id='word_1_388' title='bbox 1018 4222 1040 4233; x_wconf 80' lang='lat'>..</span> <span class='ocrx_word' id='word_1_389' title='bbox 1093 4222 1097 4229; x_wconf 77' lang='grc'>,</span> 
     </span>
     <span class='ocr_line' id='line_1_45' title="bbox 204 4276 1019 4357; baseline -0.053 -13"><span class='ocrx_word' id='word_1_390' title='bbox 204 4276 333 4348; x_wconf 70' lang='lat' dir='ltr'>Tomd,</span> <span class='ocrx_word' id='word_1_391' title='bbox 749 4345 758 4357; x_wconf 25' lang='grc' dir='ltr'>ἱ</span> <span class='ocrx_word' id='word_1_392' title='bbox 930 4340 935 4349; x_wconf 87' lang='lat'>.</span> <span class='ocrx_word' id='word_1_393' title='bbox 984 4281 1019 4349; x_wconf 74' lang='lat' dir='ltr'>G</span> 
     </span>
    </p>
   </div>
   <div class='ocr_carea' id='block_1_5' title="bbox 0 0 1645 4762">
    <p class='ocr_par' dir='ltr' id='par_1_5' title="bbox 0 0 1645 4762">
     <span class='ocr_line' id='line_1_46' title="bbox 0 0 1645 4762; baseline 0 0"><span class='ocrx_word' id='word_1_394' title='bbox 0 0 1645 4762; x_wconf 95' lang='lat' dir='ltr'> </span> 
     </span>
    </p>
   </div>
  </div>
 </body>
</html>
