3210 4758
61 3026 83 3102 i*

247 245 323 323 252
481 204 497 217 '
681 216 773 298 ute.
801 213 863 294 tt.
888 215 970 301 trs.
991 218 1029 295 1.

223 365 293 433 lida
317 370 386 432 visa
413 365 485 430 rsit.
508 361 592 451 peut
607 360 694 427 enim
715 364 816 445 magis
1029 395 1057 457 Τ
1072 393 1099 453 E
1113 390 1146 455 x
1160 394 1188 454 'l'
1202 394 1233 455 U
1248 396 1282 457 s·

224 455 419 534 absurdum,
448 457 608 518 hominem
636 455 674 515 irs
702 450 816 516 fructu
1190 524 1192 531 y

226 544 361 609 hominis
372 562 457 622 esre,
470 561 565 621 quam
582 541 743 604 hominem
760 541 817 603 ho·
942 549 998 623 De
1017 547 1141 624 officio
1166 548 1367 625 fructuarii,

225 636 301 699 mini
320 629 452 696 servitui
478 634 550 695 Nec
567 641 613 692 est
632 631 666 691 in
682 629 731 692 his
748 632 815 693 ulle
1200 646 1231 677 ··

224 726 406 802 oppositioe
427 719 559 782 Fructus
574 717 705 781 hominis
719 738 815 781 causa
910 714 951 791 38
997 710 1060 775 Set
1074 710 1260 806 suffigit
1284 715 1447 796 usumfru-

228 810 398 895 comperutt'
417 823 505 875 runt:
522 806 618 870 Homo
633 820 678 868 ert
694 805 728 869 t‘n
738 804 815 884 fru-
863 814 945 862 ctum
968 801 1039 885 quit
1063 801 1192 882 habeut..
1206 800 1249 866 eir
1276 803 1367 869 iocum
1385 806 1447 871 ds·-

226 913 280 967 etu
296 899 437 963 hominis.
455 900 532 962 Non
548 898 633 960 enim
657 896 708 959 hic
731 892 816 961 idem
864 891 1205 976 mertuorums'capi'ium
1219 891 1349 970 txfaeiu
1366 893 1448 972 fru-

227 987 333 1053 eidem
356 981 498 1069 subjecto
525 987 733 1071 attribuitur,
759 984 815 1050 sed
864 980 1004 1045 cesarius
1028 979 1208 1044 submittere
1236 982 1325 1049 debes
1347 982 1394 1071 (ut
1415 999 1448 1045 et

200 1077 371 1143 ·diversis.
393 1075 609 1161 Quamobrem
634 1076 746 1137 melior
768 1088 816 1138 est
864 1065 997 1151 Juttano
1025 1068 1128 1135 visum
1152 1068 1248 1156 est);
1272 1086 1303 1132 st
1331 1076 1365 1135 iu
1393 1074 1447 1136 ei·

225 1183 258 1231 er
274 1181 358 1233 cette
375 1166 449 1231 huic
464 1166 535 1229 loco
551 1164 816 1246 magisconvenit
865 1177 989 1220 uturum
1019 1158 1244 1223 demortuarum
1274 1160 1329 1231 ve}
1355 1162 1448 1237 erbo·

228 1258 284 1323 iiia
297 1257 431 1336 Ulpiani
444 1256 525 1323 ratio
536 1248 771 1331 sumptaiiine
784 1267 817 1317 et
865 1267 934 1309 rum
964 1245 1058 1308 iorum
1090 1249 1170 1325 eiius
1205 1246 1292 1309 teter
1326 1249 1448 1312 substi-

229 1365 289 1411 usu
301 1392 311 1424 ,
322 1348 398 1422 quia
410 1344 537 1408 enciiiae
547 1363 609 1404 non
617 1340 659 1404 ad
669 1341 728 1404 hoc
735 1362 817 1405 com·
865 1349 961 1415 tuere.
983 1334 1077 1398 Recte
1095 1337 1175 1398 enim
1189 1338 1305 1417 eriere,
1320 1353 1348 1397 et
1365 1360 1448 1423 qua-

233 1453 408 1515 patantur‚
423 1446 459 1499 ut
476 1434 617 1513 pariant,
631 1430 687 1494 sed
703 1445 739 1492 ut
753 1450 819 1497 ser·
866 1423 896 1484 Μ’
927 1423 1021 1487 benus
1043 1406 1277 1511 paterfamilias
1306 1426 1353 1491 uti
1389 1427 1450 1491 cie-

232 1526 341 1602 viant‚
363 1523 385 1586 i·
405 1542 459 1604 sp.
475 1520 512 1583 de
528 1520 599 1584 iter.
611 1533 679 1603 pet.
702 1518 741 1582 id
760 1532 823 1586 au·
871 1510 921 1576 bet
942 1508 1006 1600 (ι).

231 1626 294 1673 rem
318 1614 419 1680 solum
435 1613 468 1672 in
491 1610 599 1672 fructu
623 1605 759 1688 aiicujus
776 1613 822 1674 rei

228 1715 296 1761 esse
310 1701 501 1780 intelligitur
510 1712 542 1760 et
554 1696 595 1757 ad
610 1694 821 1764 fructuarium
936 1717 1043 1781 coM
1054 1722 1203 1784 ΜΕΝΤ
1212 1722 1239 1784 A
1248 1725 1276 1784 R
1284 1724 1338 1784 IU
1345 1725 1382 1787 5,

228 1790 406 1867 pertinere,
427 1785 513 1863 quod
539 1786 709 1864 percipitur
723 1805 763 1848 ex
778 1808 818 1852 eo

229 1876 474 1955 animaequus
496 1894 545 1937 res
561 1891 668 1952 parata
684 1887 750 1954 est,
765 1879 817 1943 vel
900 1891 928 1934 «ι
978 1872 1122 1955 Longius
1146 1877 1164 1939 a
1185 1877 1237 1939 via
1267 1872 1451 1957 digreditur

180 2008 189 2033 r
229 1982 346 2032 natura
380 1968 431 2031 vel
459 1962 632 2045 patrisiam.
660 1965 816 2044 instituto,
866 1944 1069 2041 Imperatort
1104 1964 1299 2037 sequendum
1331 1960 1448 2052 tamem,

172 3819 193 3873 N

231 2057 255 2118 l.
274 2079 306 2136 9.
322 2058 352 2142 §.
373 2073 401 2134 5.
419 2054 447 2117 e't
461 2075 546 2138 seqq.
565 2051 588 2114 i.
613 2073 664 2117 10.
677 2053 716 2112 de
732 2056 816 2134 usus.
866 2044 1058 2128 quocunque
1083 2054 1192 2116 trahit.
1218 2054 1303 2118 Cum
1328 2054 1461 2118 fruetus:

231 2143 456 2228 Quapropter,
480 2145 539 2205 etsi
565 2140 646 2203 nihii
673 2144 817 2231 interest,
865 2157 992 2220 omnes,
1006 2142 1367 2220 siveeurenascantur,
1381 2146 1448 2206 sive'
1489 2200 1493 2209 .

229 2236 380 2311 pertusio
394 2234 500 2294 fructu
512 2234 553 2292 sit
566 2248 683 2305 necuet
696 2232 737 2293 ad
750 2253 818 2311 pro·
867 2245 922 2304 pet
938 2247 1065 2293 causam
1079 2233 1123 2292 rei
1136 2230 1206 2312 jure
1224 2234 1448 2310 percipiantur,

229 2322 413 2398 prietsrium
430 2321 585 2396 pertineat
598 2361 609 2394 ,
624 2337 665 2376 an
683 2317 724 2380 ad
744 2320 815 2385 iru-
866 2313 1040 2395 fructuarii
1054 2318 1144 2382 lucto
1165 2319 1295 2397 cedant,
1316 2339 1449 2395 aequum

228 2409 406 2484 stuarium3
417 2410 463 2468 uti
477 2424 578 2480 neque
591 2405 731 2490 ancillae,
744 2427 815 2482 quae
864 2419 929 2482 est,
953 2424 988 2469 ut
1008 2409 1035 2469 is
1049 2409 1182 2470 vicissim
1199 2426 1294 2470 onera
1308 2411 1354 2470 rei
1374 2408 1447 2472 iru-

227 2498 342 2573 utique
365 2499 484 2562 servire
503 2495 646 2577 cogiturt
666 2497 747 2556 tatio
762 2512 817 2560 ta·
863 2497 994 2559 ctuariae
1010 2494 1159 2576 adjuncta
1178 2494 1448 2581 agrioscat‚juxte

225 2607 300 2657 men
322 2584 466 2650 habenda
482 2584 542 2647 fuir
561 2584 684 2645 honesti
700 2603 737 2647 ac
754 2586 817 2649 de-
865 2585 1008 2663 regulam
1033 2598 1153 2648 naturae
1166 2629 1176 2664 ,
1195 2585 1216 2649 1.
1245 2605 1294 2649 ιο.
1319 2585 1357 2646 de
1379 2585 1447 2648 dio.
1525 2598 1529 2605 ·

227 2679 294 2741 cori
315 2721 324 2755 ,
362 2673 603 2748 cavendumque
633 2691 673 2735 ne
700 2679 815 2753 stupris
865 2690 933 2755 reg.
942 2675 1007 2753 jur.
1026 2674 1110 2736 inter
1123 2694 1218 2740 onera
1236 2692 1360 2752 eutem,
1375 2693 1446 2750 quae

226 2768 370 2830 vilitetut
381 2765 520 2847 dignitas
530 2763 678 2839 humana,
689 2782 814 2846 argum.
865 2757 1041 2827 fructuario
1054 2765 1260 2839 incumbunt,
1273 2763 1332 2825 hoc
1346 2782 1444 2826 unum

225 2852 250 2926 i.
281 2873 335 2934 44.
363 2853 400 2916 de
428 2852 509 2916 edii.
535 2849 628 2922 eiiict,
654 2850 814 2916 Caeterum
864 2863 928 2927 est,
946 2866 981 2915 ut
998 2869 1062 2913 rem
1078 2851 1286 2919 fructuariam
1307 2860 1449 2928 tumme:

221 2943 310 3007 mihil
336 2947 471 3031 amplius
500 2939 598 3004 eificit
624 2939 689 3002 haec
722 2944 814 3021 ratio,
863 2934 1112 3021 1044deusuf.
1136 2941 1462 3004 Hecautemtuitio

226 3049 322 3108 quam
336 3046 370 3093 ut
386 3050 424 3093 ne
441 3048 546 3109 partus
561 3028 737 3091 fructuario
752 3046 809 3094 aut
862 3044 935 3090 cum
952 3031 1072 3109 exigat,
1091 3048 1126 3090 ur
1144 3047 1224 3106 tem,
1244 3049 1340 3105 quam
1356 3047 1441 3092 acce·

227 3121 319 3185 bonae
335 3117 413 3183 fidei
428 3120 592 3198 possessori
610 3118 731 3192 acquiri
748 3118 810 3180 de·
858 3117 923 3198 pit,
939 3116 1096 3196 integram
1109 3134 1140 3178 et
1156 3119 1191 3178 in
1207 3137 1265 3181 suo
1277 3132 1361 3183 statu
1374 3136 1440 3181 coo·

225 3206 315 3272 beat:
331 3213 363 3271 in
376 3212 494 3272 caeteris
508 3205 747 3284 enim-partibus
756 3204 809 3287 ju·
857 3220 981 3286 servet,
996 3223 1151 3279 quantum
1171 3227 1249 3269 cura
1264 3224 1295 3269 et
1313 3225 1439 3287 repara·

225 3300 287 3372 ris,
301 3301 335 3356 in
350 3298 453 3361 fru'ctu
469 3300 536 3360 sive
549 3296 650 3360 reditu
664 3309 720 3359 aut
734 3315 810 3360 cau·
858 3293 946 3354 tione
958 3291 1025 3356 fieti
1035 3306 1152 3371 potest:
1165 3292 1278 3357 ideoet
1287 3314 1439 3375 curiatae

172 3368 179 3395 ⁴·
225 3383 368 3446 suetiam
385 3383 761 3463 partuscomputatur,1.
777 3386 807 3447 8.
858 3380 1058 3462 diligentiam
1076 3385 1121 3449 rei
1144 3384 1310 3447 servandae
1329 3384 1440 3448 advet-

220 3468 248 3535 i.
263 3489 312 3549 ¹4·
321 3470 358 3529 de
370 3490 453 3530 usur.
467 3472 488 3531 i.
499 3490 551 3548 24.
565 3476 594 3550 §.
613 3493 640 3535 1.
652 3472 691 3535 ed
705 3471 726 3536 i.
740 3470 810 3534 Ful·
857 3487 910 3532 sus
923 3472 1119 3535 imminentia
1136 3475 1276 3550 pericula
1290 3473 1438 3536 adhibere

224 3560 287 3623 eit.
306 3560 389 3622 Hinc
403 3557 465 3620 dici
478 3560 555 3620 solet
570 3575 692 3637 partum
707 3562 841 3641 ancil-⁴,
857 3555 970 3638 debet,
991 3576 1025 3623 et
1041 3560 1168 3635 quidem
1187 3564 1282 3623 talem
1291 3607 1303 3637 ‚
1317 3564 1439 3637 qualem

224 3650 265 3712 1ae
282 3666 346 3710 esse
363 3647 501 3709 fructum
515 3647 808 3728 extraordinarium,
859 3645 995 3727 diligens
1012 3649 1175 3729 paterium.
1192 3651 1256 3712 suis
1272 3648 1363 3709 rebus
1378 3651 1440 3713 ed·

224 3736 267 3802 ed
283 3735 374 3801 bonae
391 3751 498 3799 eutem
515 3731 589 3795 fidei
606 3753 809 3812 possessorem
859 3734 968 3798 hibere
988 3741 1086 3814 solet,
1113 3737 1136 3803 l.
1156 3741 1211 3814 σς.
1236 3732 1298 3795 eod.
1326 3747 1361 3796 et
1381 3755 1438 3801 suo

226 3842 259 3892 et
286 3827 496 3890 fructuarium
524 3822 608 3886 solos
632 3823 809 3891 ordinarios
858 3841 985 3904 sumptu
1005 3828 1118 3889 sarcire
1137 3844 1174 3887 ac
1189 3837 1352 3902 reparare,
1368 3845 1437 3902 quae
1465 3832 1470 3843 '

213 3918 394 3998 pertinere.
861 3915 1059 3991 vitiialiquid
1070 3924 1311 3989 contraxerunt,
1325 3924 1382 3977 aut
1393 3913 1438 3976 di·

787 4052 790 4061 .
860 4001 1055 4095 acesseruutfi
1066 4002 1163 4084 priori
1174 4002 1371 4095 integritate:
1383 4022 1435 4086 pu

268 4178 321 4274 (a)
365 4160 407 4254 Ζ.
424 4201 477 4249 aa.
492 4183 545 4251 tit.
562 4201 615 4266 31.
628 4181 667 4250 P.
682 4201 716 4272 3.
790 4212 796 4219 ¹
