3210 4758
208 236 223 255 x
286 195 488 285 Dererum
503 184 620 271 divis.
636 198 830 294 etacqoir.
848 201 1022 297 ipsorum
1037 199 1210 280 dominio.
1264 220 1350 298 251·

324 356 492 432 TEXTU
502 370 536 431 3·
772 356 843 403 cunt
862 342 997 417 uterque
1017 340 1078 405 hoc
1093 339 1277 420 significate
1296 362 1361 406 vo·

125 498 126 503 ἵ
333 434 334 438 ’
402 502 405 509 Δ
764 427 856 506 icit,
877 448 942 493 non
956 443 993 493 ut
1013 430 1108 494 foetus
1122 432 1157 493 in
1171 431 1277 497 fructu
1296 450 1358 512 pe-

218 526 305 616 Quae
336 543 415 597 ,unt
441 530 478 597 jn
509 524 642 599 fructu,
773 517 1358 603 cudurnest,itaetpattumancillae

360 616 375 627 ⁴*
460 680 465 689 ι
770 605 806 667 in
823 604 957 669 hominis
978 607 1083 672 fructu
1103 610 1355 686 ponendumtin

155 704 222 768 ⁴37
266 687 305 750 In
323 689 475 775 peculim
494 687 603 764 fructu
626 689 722 754 eriam
770 691 936 757 hominum
947 695 1054 762 fructu
1064 715 1102 758 ea
1112 697 1264 761 duntaxat
1274 717 1354 778 esse,

128 769 226 850 fotus
247 793 312 855 est,
338 779 433 860 sicuti
460 779 529 856 ios,
554 779 667 865 pilus,
688 780 722 840 er
769 802 846 859 quae
860 803 901 846 ex
920 787 1024 862 operis
1041 802 1151 847 eorunt
1171 789 1355 864 percipiun-

136 861 231 931 lana:
256 867 359 952 itaque
378 868 473 954 ogni,
497 868 595 947 hodi,
615 881 646 931 et
668 867 721 930 vi·
769 885 846 947 tut,
861 872 884 935 1.
908 891 940 950 4.
962 871 1000 933 de
1024 890 1106 958 oper.
1132 893 1215 935 sero.
1232 888 1301 937 ¹aut
1326 879 1355 941 si

133 953 215 1031 ruli,
229 971 266 1015 et
288 957 406 1040 equali,
423 972 455 1018 rr
472 957 589 1053 mouri,
610 960 719 1020 statim
766 960 848 1037 quid
875 964 1044 1039 acquirant
1065 981 1105 1024 ex
1122 980 1155 1024 re
1178 961 1357 1042 fructuarii,

134 1043 274 1105 naturali
294 1052 366 1128 jure
380 1071 383 1077 ·
395 1045 521 1110 dominii
538 1045 719 1127 fructuarii
765 1050 898 1131 ejusve,
918 1054 975 1127 qui
997 1068 1052 1114 eos
1067 1053 1152 1114 bona
1168 1046 1233 1114 fide
1251 1054 1356 1131 possi-

133 1145 218 1194 turtt.
231 1132 346 1198 Parrus
363 1156 434 1199 uero
452 1130 581 1205 aneilla}
592 1135 625 1196 in
638 1136 717 1205 fro·
764 1139 839 1217 det,
854 1142 882 1219 §.
900 1159 931 1218 ψ
947 1155 982 1204 et
1005 1160 1068 1225 seq.
1092 1137 1171 1217 infr.
1189 1157 1251 1225 per
1275 1160 1354 1225 quas

132 1233 185 1287 ctu
211 1240 359 1291 nonest:
383 1211 717 1393 iraqueodiomt'num
762 1243 849 1312 pers.
875 1230 959 1312 cuiq.
988 1229 1111 1314 otiqoir.
1141 1249 1179 1292 ac
1215 1229 1353 1309 proinde

131 1311 336 1393 proprietatis
361 1318 510 1400 pertinet.
539 1317 569 1375 A
591 1313 719 1376 turdum
762 1321 864 1380 'etiam
881 1318 947 1380 haec
960 1320 1069 1382 sotaut
1080 1319 1204 1381 fructus
1215 1318 1354 1385 fructus·

132 1399 212 1477 enim
232 1403 419 1482 videbatur,
441 1399 591 1466 nominent
599 1404 634 1490 in
641 1401 720 1480 fru-
768 1406 817 1467 tio
829 1421 861 1470 et
874 1406 964 1469 bonae
978 1403 1053 1470 fidei
1066 1409 1235 1485 possessori
1247 1408 1355 1483 acqui·

132 1500 282 1576 erueres,
296 1514 388 1577 quum
407 1513 507 1555 omnes
513 1491 606 1571 froci·
626 1513 642 1555 s
663 1513 719 1554 rr·
767 1497 818 1558 sir
835 1513 961 1575 partum
974 1516 1041 1559 non
1055 1496 1199 1573 acquiri,
1214 1495 1357 1561 fructua-

31 1640 33 1645 ,
131 1595 200 1637 rum
216 1597 330 1645 notura
350 1583 462 1667 grstia
482 1581 611 1646 hominis
648 1602 719 1646 om-
766 1584 817 1647 r‘io
843 1604 1008 1662 unquam
1024 1589 1115 1649 bonae
1137 1581 1211 1647 fidei
1230 1603 1356 1663 posses-

128 1672 298 1748 porooert't
321 1668 381 1759 (r)
619 1679 620 1683 ’
766 1676 831 1756 soti
853 1694 918 1736 non
939 1678 1049 1753 aliter,
1063 1692 1159 1751 quatu
1175 1676 1203 1737 si
1218 1691 1293 1738 eum
1309 1686 1354 1739 ud

767 1767 943 1843 sucepetit,
960 1763 992 1826 d.
1007 1765 1036 1849 §.
1053 1783 1084 1842 4.

195 1872 643 1937 COMMENTAMUS·
817 1871 835 1914 α
881 1849 1357 1938 (Δᾶεανάυωιηὶωυὶδιῠαων).

770 1937 872 2003 Vetus
897 1940 959 2002 fuit
981 1942 1114 2016 questio
1129 1958 1171 2001 sn
1187 1953 1295 2016 partus
1314 1940 1357 2003 ad

181 2043 196 2088 t
246 2025 324 2110 Qua
341 2031 479 2103 ratione,
492 2041 523 2087 et
539 2025 635 2087 modo
648 2024 723 2088 fru·
771 2027 986 2091 fructuarium
998 2029 1182 2107 pertineret,
1194 2024 1286 2106 cujus
1298 2047 1360 2092 sne·

130 2119 205 2176 ctus
228 2134 304 2179 suos
327 2115 423 2182 faciat
446 2132 513 2177 tum
532 2115 625 2178 bonae
645 2111 723 2184 fidei
771 2118 864 2178 minit
886 2115 990 2181 Cicer.
1018 2135 1047 2179 ι.
1070 2114 1108 2177 de
1126 2112 1215 2193 finib.
1237 2132 1304 2198 cap.
1323 2116 1359 2181 6.

132 2217 316 2283 possessor,
335 2217 415 2281 ‚tum
444 2204 658 2288 fructuarius,
680 2223 722 2265 o·
770 2205 826 2269 ubi
843 2207 888 2267 ait
904 2207 1061 2284 principes
1072 2205 1211 2268 civitatis
1226 2206 1260 2267 Ρ.
1272 2204 1359 2272 sce·

130 2304 273 2358 stensum
301 2308 348 2357 est
367 2297 416 2372 §§.
434 2296 575 2377 proxime
600 2309 721 2377 praeoe-
771 2297 877 2359 volam
891 2308 923 2358 et
937 2295 984 2358 M.
993 2295 1164 2358 Manilium
1177 2296 1359 2359 existimas·

130 2374 214 2442 dent.
240 2386 390 2462 exemplo
410 2384 590 2459 fructuum,
610 2384 666 2458 qui
676 2383 723 2445 itt
750 2386 805 2449 ‘se
820 2386 978 2449 hominem
991 2387 1027 2447 in
1042 2386 1149 2449 fructu
1164 2403 1251 2463 esse,
1270 2386 1358 2449 Btu-

130 2464 240 2535 fundis
255 2489 314 2535 cut
327 2473 412 2553 agris
426 2487 609 2534 nascuntur.
625 2469 723 2553 Quo—
772 2489 840 2537 tum
863 2474 1067 2538 dissensisse:
1092 2472 1184 2553 cujus
1201 2478 1360 2537 sententis

130 2553 311 2626 uiam'vero
328 2563 423 2623 etiam
441 2560 605 2622 hominum
622 2575 652 2619 et
669 2578 726 2636 pe·
773 2565 933 2645 obtinuit,
953 2576 1033 2626 teste
1051 2562 1186 2638 Uipian.
1205 2562 1249 2621 in·
1263 2560 1284 2620 1.
1303 2564 1360 2623 68.

131 2650 255 2715 cudutn
272 2668 348 2712 suus
368 2647 490 2712 fructus
502 2661 568 2721 est,
583 2665 679 2721 quem
694 2644 728 2710 et
774 2651 813 2710 de
828 2646 929 2733 usufr.
947 2649 1016 2712 Cur
1028 2663 1213 2710 autemnon
1226 2647 1361 2726 placue-

132 2736 238 2815 ipsum
256 2739 349 2802 bonae
361 2733 437 2798 fidei
449 2737 599 2814 possesoti
612 2750 644 2796 et
655 2735 727 2798 ftu-
775 2742 840 2816 rit,
862 2753 987 2815 partum
1003 2739 1038 2798 in
1054 2737 1159 2800 fructu
1182 2753 1271 2812 esse,
1293 2733 1362 2816 ejus

134 2833 266 2890 cruario
278 2826 387 2888 eadem
399 2827 520 2887 ratione
530 2824 652 2897 acquiri
661 2820 728 2904 juti
776 2829 823 2888 rei
850 2825 1111 2889 honorationem
1138 2822 1241 2887 reddit
1260 2823 1362 2905 Cujus

134 2917 280 2978 naturali
301 2916 493 2978 conveniens
516 2928 579 2989 est,
596 2912 670 2974 ideo
685 2933 728 2976 ne
776 2915 851 2979 dict.
867 2915 890 2977 l.
915 2917 968 2981 28.
986 2917 1013 3000 §.
1033 2934 1059 2976 r.
1077 2913 1115 2975 de
1134 2933 1221 2976 usur.
1244 2928 1276 2977 et
1294 2916 1361 2976 ltn-

130 3004 289 3076 qttid--hic
306 3003 396 3065 dubii
420 3003 669 3079 relinqueretur,
684 3023 726 3064 o·
775 3024 841 3084 pet.
858 2996 1006 3079 horinon,
1023 3005 1109 3079 quod
1126 3003 1300 3067 absurdunt
1316 3004 1363 3066 vi·

136 3092 286 3156 stendere
302 3094 421 3167 voluit,
437 3095 638 3168 quaenam-in
663 3091 727 3154 ho-
774 3097 919 3170 sumsit,
938 3093 1096 3156 hominem
1113 3097 1146 3153 in
1163 3092 1269 3155 fructu
1282 3100 1366 3181 esse,

136 3183 263 3246 rninum
277 3197 308 3245 et
322 3181 478 3260 pecudum
490 3181 595 3243 fructu
613 3179 728 3243 itaben-
774 3203 846 3247 cunt
864 3201 973 3245 omnes
989 3182 1111 3244 fructus
1127 3199 1231 3243 rerunt
1247 3198 1381 3265 nature,

134 3264 175 3328 da
192 3263 281 3355 sint,
295 3291 368 3345 quae
384 3290 450 3332 non
465 3271 549 3331 sint:
566 3281 597 3331 et
615 3271 677 3344 ait,
694 3273 728 3331 itt
776 3272 1363 3355 gratia„hominiscomparaveritpqun

133 3360 296 3432 pecudum
318 3360 421 3422 fructu
440 3379 503 3422 non
520 3372 645 3420 tantum
661 3377 728 3421 esse
778 3363 860 3425 tatio
873 3360 969 3422 ducta
982 3378 1028 3423 est
1040 3379 1078 3422 er
1091 3364 1273 3427 contrariis:
1285 3379 1363 3441 quo·

139 3445 204 3526 lac,
232 3451 332 3527 pilum
352 3466 383 3509 et
400 3450 526 3523 ianam,
542 3448 596 3509 sed
618 3447 730 3510 foetum
779 3454 806 3512 si
822 3450 945 3514 dicant:
973 3467 1085 3512 natura
1106 3470 1169 3512 non
1188 3462 1290 3529 potest
1306 3466 1362 3512 et·

138 3539 248 3601 etiam.
266 3540 303 3599 ln
318 3536 491 3599 ‘hominum
511 3549 617 3597 sutem
639 3536 731 3602 fruc·
779 3538 851 3602 dem
878 3557 950 3622 res,
974 3552 1005 3601 et
1030 3539 1149 3602 fructus
1179 3553 1299 3600 esseet
1325 3533 1360 3599 id

138 3637 193 3689 ctu
217 3648 294 3705 quae
322 3630 403 3703 sint,
431 3645 495 3687 non
514 3618 647 3686 definiti
676 3626 731 3689 sed
779 3628 864 3705 quod
893 3628 1031 3693 fruitur:
1057 3633 1156 3691 relata
1184 3627 1251 3691 haec
1274 3635 1363 3689 sonte

142 3722 269 3790 potrum¹
297 3717 423 3780 ancillae
451 3727 546 3796 negat
566 3716 602 3775 in
624 3713 731 3779 fructu
780 3719 947 3781 relatorum
965 3738 1066 3782 unum
1081 3719 1245 3790 nunquam
1260 3723 1364 3792 potest

142 3816 233 3878 esse3
253 3819 284 3867 et
306 3806 397 3882 ide0‚
420 3806 546 3887 inquit,
563 3802 604 3864 ad
623 3803 730 3864 donti-
780 3824 847 3872 esse
859 3810 1007 3871 alterum.

146 3905 225 3950 nutn
247 3896 443 3972 proprietatis
466 3896 623 3972 pertinet,
645 3909 681 3954 ut
703 3909 734 3957 et
808 3909 845 3976 ‘3
894 3899 940 3958 At
960 3897 1046 3957 enittt
1064 3903 1101 3953 ut
1123 3904 1237 3955 vetum
1254 3882 1376 3968 istest,

145 3974 247 4060 Catus
262 3979 284 4043 i.
302 3985 355 4045 28.
370 3985 400 4069 ς.
420 4004 448 4048 ι.
464 3983 505 4046 de
518 4002 605 4047 usur.
620 3981 734 4047 Nimi—
782 4003 949 4062 nunquam
960 3982 1028 4049 hec
1043 3977 1123 4045 mihi
1135 3979 1218 4044 totio
1230 3977 1305 4045 sotis
1320 3993 1369 4081 to·

194 4148 247 4248 (ι)
291 4116 884 4274 11.spois.31.i’.3.vrrs.0t'tosi‚¹
915 4138 945 4199 ·³'
989 4247 1057 4312 Β,
1105 4166 1122 4197 ,τ
