3210 4758
279 264 355 337 402

420 414 700 494 112erss

414 586 470 660 De
503 583 750 678 religiosis..

291 710 326 835 9
372 743 565 830 Religiosum
577 741 670 805 locum
683 736 844 824 unusquis·

258 852 318 920 que
328 848 384 897 stre
396 835 551 902 voluntate
560 830 667 909 facit,
679 827 751 904 duest
765 849 845 889 mor-

258 939 344 987 tuum
372 921 508 1000 infert
497 942 530 983 m
557 922 652 983 lorum
678 938 777 982 suum.
805 914 845 978 Irt

258 1032 438 1076 communem
452 1027 551 1073 autem
563 1010 655 1072 lotum
668 1021 779 1091 putum
794 1004 846 1068 iu·

259 1101 327 1165 vito
354 1100 432 1162 socio
459 1096 576 1178 inferre
610 1116 665 1159 nou
694 1094 846 1158 liutein

258 1208 408 1254 commune
435 1208 507 1252 vero
534 1185 726 1277 sepulchrum
753 1182 845 1245 etiam

258 1278 375 1342 irruitis
394 1276 512 1339 ceteris
529 1275 611 1336 iicet
620 1266 845 1361 insternitur

259 1367 290 1430 st‘
315 1367 432 1430 alienus
455 1363 652 1441 ususfructus
676 1377 747 1439 est,
767 1377 847 1443 pro·

258 1455 443 1541 prietarium
451 1454 569 1539 placet,
584 1450 646 1514 uisi
660 1449 848 1514 consentien-

261 1560 292 1610 te
304 1544 546 1623 usufructuario,
562 1542 657 1604 locutu
671 1537 848 1624 religiosum

266 1632 451 1710 nonfacere.
467 1631 503 1691 ln
522 1628 651 1692 alienum
667 1628 761 1690 locum
780 1647 849 1717 cun·

266 1721 416 1783 sentiente
431 1718 548 1779 domino
567 1718 639 1778 iicet
661 1707 849 1792 infestaret

264 1806 337 1870 it'cet
356 1822 465 1892 postea
485 1821 586 1869 ratum
612 1823 670 1867 uon
696 1800 850 1879 habuerit,

263 1917 353 1981 quam
373 1896 481 1958 illutus
503 1909 549 1956 est
574 1906 734 1976 mortuus,
748 1905 849 1956 tamen

265 1984 348 2052 locus
369 1982 534 2072 religiosus
545 1984 594 2065 fit.

332 2185 783 2252 COMMENTARIUS.

313 2357 328 2402 ι
377 2331 609 2424 (Religiosuml.
623 2308 775 2400 Genetali
789 2334 852 2402 ltu·

263 2424 316 2511 jus
330 2428 418 2492 verbi
431 2428 644 2508 appellatione
657 2428 752 2490 etiam
763 2445 851 2490 sacra

267 2519 422 2581 contineri
438 2521 542 2599 arguit
557 2517 678 2579 notatio
695 2516 781 2577 vocis
796 2535 851 2576 re-

154 2600 162 2609 ”
266 2598 363 2690 ligio,
388 2609 455 2671 sive
478 2608 497 2669 d
517 2600 689 2696 relegendo
710 2602 851 2667 deducas

263 2712 337 2758 cunr
350 2696 496 2760 Ciceron.
519 2694 557 2758 tie
573 2707 674 2757 uetur.
692 2689 787 2754 Deos.
802 2694 850 2754 si-

263 2801 306 2846 ve
321 2804 394 2847 curn
411 2785 523 2848 Servio
545 2782 703 2863 Sulpicio,
719 2795 776 2845 aut
790 2799 851 2845 au·

185 2868 188 2875 ’
261 2888 330 2935 ctos
351 2886 398 2935 est
417 2874 599 2936 Macrobius
624 2892 653 2950 3.
668 2882 766 2932 satur.
783 2871 848 2948 3.al

264 2961 499 3037 relinquendo,
533 2963 601 3023 sive
634 2959 653 3020 d
683 2957 850 3037 religando

263 3060 339 3112 cunr
366 3051 534 3111 Lactantio
561 3066 594 3124 4.
622 3045 699 3107 inst.
725 3047 792 3106 ι8.
803 3047 851 3108 Ar

267 3135 320 3199 iric
349 3149 381 3199 et
392 3135 533 3246 passini
559 3133 705 3199 inlibris
735 3136 850 3197 nostris

261 3218 400 3290 orsiesius
417 3231 600 3308 accipitur,
615 3240 645 3287 et
661 3223 767 3286 locum
785 3242 847 3284 no-

263 3323 329 3375 rar:
344 3304 405 3372 Ubi
417 3332 552 3380 mortuus
565 3312 702 3398 sepultus
716 3326 769 3373 aut
783 3311 847 3373 hu-

262 3413 431 3466 natusest:
443 3423 513 3478 quae
527 3400 717 3483 significatio
728 3412 762 3467 et
776 3398 845 3463 Fe-

265 3500 350 3554 stum
360 3488 541 3568 Pompejum
556 3490 651 3552 habet
673 3504 845 3554 auctorent.

271 3594 275 3601 ’
310 3597 328 3639 a
366 3574 844 3662 (Unusquisquesuauuiuntste).

262 3663 317 3728 Au
336 3664 546 3726 differentiam
562 3665 653 3725 sacri.
674 3664 780 3726 Locus
794 3683 846 3727 sa·

261 3766 314 3815 cer
326 3766 391 3816 non
407 3750 443 3815 fit
453 3770 467 3830 ,⁵
477 3755 537 3816 nisi
551 3752 678 3832 publice
684 3764 745 3829 ‘per
756 3744 845 3814 Pon-

265 3837 381 3905 rlficetn
390 3854 538 3908 sacretur:
551 3842 714 3921 religiosus
723 3837 760 3899 fit
772 3859 845 3923 pro·

262 3934 331 4010 pria
350 3927 501 4009 cujusque
518 3932 690 3996 voluntate
709 3918 845 3993 cadauer

652 244 773 328 ru.
816 242 879 370 ιι.
904 241 987 340 ιιι.
1021 236 1073 319 ι.

892 399 980 451 extra
994 384 1102 449 urben
1116 382 1149 444 in
1162 383 1262 466 agris:
1280 376 1354 446 narn
1366 383 1402 445 in
1417 390 1474 446 uri

823 493 827 501 ·
892 476 933 538 be
950 486 1088 537 mortuos
1106 475 1237 552 sepelire
1254 474 1323 555 lege
1342 476 1474 537 veritum

894 578 983 641 erat,
1006 564 1120 641 Cicero
1146 578 1176 622 a.
1198 560 1235 622 de
1259 560 1321 645 leg.
1338 578 1408 643 ,cap
1427 581 1442 623 a
1449 582 1476 641 3.

894 652 915 715 1.
933 674 962 732 3.
978 653 1006 737 §.
1026 672 1055 725 ς.
1068 650 1106 713 de
1121 649 1273 734 sepulchr.
1294 648 1370 714 uiui.
1388 648 1477 725 idque

892 743 965 804 aliis
992 742 1089 804 etiam
1119 740 1245 818 populis
1262 741 1294 799 in
1312 756 1398 801 more
1421 761 1479 817 po·

893 829 1105 893 slsum‘luitr
1134 849 1197 902 qua
1224 827 1273 890 de·
1289 848 1323 890 re
1352 829 1479 892 consule

894 921 978 983 Petr.
1004 915 1300 1001 Gregoulilu'=33.
1327 924 1480 1001 tyuragm.

892 1024 1036 1093 Μ811·

940 1117 959 1178 3
1006 1093 1106 1183 (Dum
1120 1110 1269 1158 mortuum
1283 1093 1408 1173 infert
1395 1116 1427 1157 ru
1438 1094 1481 1157 lo·

893 1205 961 1266 cusu
975 1182 1088 1268 suum).
1108 1187 1177 1248 llis
1191 1185 1295 1248 verbis
1318 1184 1477 1262 docemus,

894 1260 961 1338 duo
975 1292 1041 1337 esse
1060 1278 1253 1352 necessaria,
1271 1288 1305 1336 ut
1322 1270 1411 1336 locus
1425 1271 1478 1336 liat

895 1364 1084 1453 religiosus:
1112 1378 1150 1426 ut
1181 1367 1214 1424 in
1241 1374 1313 1426 eum
1340 1374 1480 1425 mortuus

895 1438 1074 1529 inferarum
1091 1465 1127 1515 ut
1148 1453 1304 1515 inferetur·
1318 1451 1336 1513 i
1352 1449 1481 1515 domino

897 1542 970 1604 loci.
987 1542 1094 1605 Primo
1106 1562 1169 1604 non
1181 1542 1419 1604 consectatione
1429 1549 1482 1602 aut

898 1628 1002 1692 verbis
1017 1632 1209 1695 solemnibus
1235 1632 1330 1694 locus·
1352 1630 1482 1711 religio-

898 1735 951 1781 sus
967 1716 1129 1798 efficitur,
1151 1712 1371 1782 sed²ittatione
1397 1736 1480 1779 mot·

898 1810 972 1872 tuit
988 1808 1075 1871 unde
1091 1807 1288 1886 sepulchrum
1305 1804 1347 1867 ab
1364 1805 1482 1884 Ulpia·

898 1914 943 1958 no
963 1888 1137 1962 delinitura
1159 1895 1217 1957 Ubi
1240 1910 1350 1978 eorpus
1373 1911 1483 1956 ossone

898 1983 1029 2059 hominis
1051 1986 1171 2049 condita
1193 1997 1261 2046 suut
1279 2029 1290 2061 ,
1311 1982 1334 2044 1.
1352 2000 1383 2045 a.
1398 1984 1429 2060 §.
1454 2000 1482 2060 5.

900 2071 938 2135 de
952 2073 1046 2159 relig.
1063 2074 1112 2138 Ac
1128 2094 1167 2138 ne
1183 2088 1269 2137 totus
1283 2071 1414 2148 quidem
1428 2074 1481 2133 lo·

899 2178 974 2241 cus,
985 2166 1041 2238 qui
1055 2166 1222 2242 sepultura
1235 2162 1410 2225 destinatus
1424 2173 1481 2243 est,

904 2268 1036 2330 corpore
1046 2254 1178 2316 condito
1192 2253 1354 2335 religiosus
1367 2246 1415 2327 fit,
1427 2247 1482 2310 sed
1566 2256 1568 2261 '

901 2356 1057 2414 quatenus
1070 2342 1235 2406 conditum
1250 2353 1303 2402 aut
1317 2338 1483 2401 humatum

900 2442 969 2505 est,
991 2428 1022 2490 d.
1050 2431 1134 2515 §.'5.
1160 2429 1251 2513 cujus
1279 2428 1330 2491 hic
1356 2423 1482 2489 videtur

899 2533 1030 2581 sensus:
1059 2539 1124 2582 non
1151 2534 1252 2582 totum
1278 2534 1408 2598 agrum,
1428 2516 1482 2578 ubi

899 2606 1064 2671 conditum
1075 2626 1121 2672 est
1134 2609 1287 2685 cadaver,
1301 2606 1482 2686 religiosum

900 2690 988 2781 fieri,
1014 2697 1068 2760 sed
1092 2700 1195 2760 locum
1218 2697 1375 2758 duntaxat
1396 2704 1481 2755 cetto

898 2787 1002 2860 spatio
1034 2782 1185 2864 finitum,
1215 2803 1311 2860 quens
1341 2782 1480 2844 maceriis

898 2872 1022 2937 includi
1059 2892 1312 2951 consueverant,
1342 2872 1480 2937 Brisson.

898 2962 998 3044 antiq.
1010 2960 1065 3025 118.
1079 2980 1183 3045 3.eup.
1200 2982 1250 3039 ις.
1263 2975 1295 3022 et
1313 2961 1363 3025 16.
1376 2959 1480 3040 Quam

898 3049 1189 3127 interpretationem
1219 3053 1287 3126 ipsa
1315 3049 1480 3123 necessitas

897 3134 1053 3203 defendit.
1073 3140 1164 3202 Alias
1194 3142 1278 3200 enirn
1304 3134 1481 3216 14118110-

897 3243 1006 3289 manos
1020 3271 1031 3307 ‚
1054 3230 1111 3303 qui
1125 3229 1191 3291 fere
1205 3245 1339 3306 corpora
1358 3234 1481 3299 crema-

895 3312 996 3394 bant,
1023 3336 1105 3380 urna
1132 3317 1186 3380 vir
1215 3317 1376 3378 minimam
1406 3311 1478 3394 agri

894 3360 1014 3481 partein
1054 3408 1234 3487 religiosam
1277 3398 1480 3467 reddidisset.

894 3489 1010 3573 Quia
1007 3512 1085 3557 vero
1111 3514 1175 3558 una
1199 3495 1360 3579 sepultura
1384 3492 1481 3568 plura

893 3584 1062 3659 sepulchra
1077 3579 1205 3649 eilicere
1232 3601 1295 3644 non
1312 3591 1434 3661 potest,
1450 3578 1484 3637 si

893 3686 1007 3746 corpus
1033 3674 1067 3732 in
1097 3674 1239 3750 pluribus
1265 3670 1348 3730 locis
1377 3665 1484 3728 ruerit

892 3760 1052 3836 sepultum
1065 3803 1076 3837 ‚
1090 3762 1189 3841 ,sotus
1222 3756 1283 3822 ille*
1297 3753 1481 3833 religiosus

893 3842 964 3933 lies,
980 3846 1037 3910 ubi
1060 3849 1224 3911 conditum
1237 3842 1330 3923 ¹quod
1348 3843 1480 3921 princi-¹

893 3925 975 4011 pale
980 3953 1044 4012 est,
1054 3937 1177 3998 scilicet
1190 3938 1310 4012 cupiit,
1327 3932 1403 4007 quia
1417 3950 1479 3994 co-

264 4034 398 4081 rutossa
412 4019 615 4083 inferentisin
628 4020 842 4081 tocunsuum.
890 4026 1055 4100 gnoscitur
1067 4020 1157 4102 cujus
1172 4024 1235 4104 sit,
1254 4021 1276 4082 Ι.
1294 4037 1350 4098 44.
1366 4016 1404 4081 dr
1421 4037 1478 4082 te-

262 4104 450 4170 Notandum
464 4105 539 4170 luc
530 4128 564 4170 ιιι
578 4098 843 4189 transcurreren-
889 4107 951 4194 lig.
953 4126 995 4174 et
1005 4124 1116 4195 sumpt
1128 4108 1221 4189 fim-
1295 4146 1300 4155 ·
1426 4136 1434 4173 t

262 4194 368 4274 siquos
379 4195 501 4273 privata
513 4192 678 4279 sepulchra
693 4192 897 4261 habuisse

892 4218 955 4279 4
989 4198 1090 4284 Quis
1106 4218 1185 4269 sero
1202 4212 1286 4283 opus
1307 4211 1408 4331 est,
1384 4170 1474 4285 11418-
