3188 4760
249 278 319 355 ¹34
599 242 690 319 Lib.
721 226 757 316 Ῐ.
787 236 866 317 Tit.
885 236 1003 335 XVI.

221 403 261 463 tls
292 394 542 460 deminutionem
568 387 635 466 pati
658 384 804 460 dicimur,
857 383 986 446 vitatem
1000 377 1179 461 profugere,
1190 379 1226 439 in
1251 392 1346 452 quarn
1371 394 1447 443 cum

219 489 243 551 i.
255 488 312 549 uit.
328 484 381 544 hoc
396 480 447 544 tir.
465 480 534 541 Hoc
549 490 654 538 autem
670 478 710 536 iis
724 491 804 535 sern-
855 484 958 533 essent
976 471 1109 547 recepti,
1123 469 1300 530 Romanam
1316 467 1447 530 demum

222 594 279 655 per
289 571 422 645 accidit,
442 567 498 643 qui
510 567 594 629 servi
608 561 804 626 efficiuntur:
853 558 1050 623 amittebant.
1075 555 1206 638 Quibus
1232 556 1331 636 igitur
1360 574 1444 630 aqua

222 683 295 726 narn
326 659 450 722 sublata
478 658 624 719 libertate
648 656 806 720 tolluntur
854 667 886 711 er
910 650 980 731 igni
1007 646 1273 720 interdicebatur,
1295 647 1334 705 iis
1360 647 1441 719 qui·
1514 680 1516 683 -

223 767 349 830 quoque
367 747 488 823 reliqua
503 744 582 811 duo.

386 898 638 1021 TEXTNUS·

226 1036 237 1075 i

415 1115 472 1198 De
491 1113 617 1182 media.

228 1295 286 1339 ..2
334 1271 443 1335 Mittor
471 1268 541 1333 sive
566 1263 666 1328 media
691 1261 807 1348 capitis

221 1363 386 1428 deminutio
413 1375 478 1437 est,
500 1378 567 1419 cum
593 1355 707 1416 civitas
731 1351 808 1437 qui-

221 1451 289 1517 dem
309 1449 466 1514 amittitur
473 1493 483 1527 ,
498 1447 627 1508 libertas
654 1462 727 1505 vero
752 1461 805 1502 re-

221 1542 355 1606 tinetur:
373 1538 451 1625 quod
466 1534 579 1599 accidit
595 1534 646 1612 ei,
663 1530 713 1594 cui
727 1549 809 1614 aqua

222 1646 252 1693 et
283 1631 353 1715 igni
389 1626 587 1689 interdictum
609 1620 730 1701 fuerit:
757 1618 810 1681 vei

853 738 924 800 dent
942 753 1047 815 aperte
1061 739 1127 801 vita
1148 734 1439 812 nonteripiebatur,

853 845 892 890 ee
911 846 950 890 ne
972 827 1083 890 civitas
1109 824 1238 898 quiden
1258 820 1438 908 (siquidem

856 919 944 979 nulla
965 916 1054 979 exilii
1085 912 1168 977 lacta
1192 914 1349 975 mentione
1372 912 1436 975 iraec
1461 937 1467 943 ·

750 1010 752 1013 ’
855 1025 947 1083 poena
974 998 1225 1086 irrogabatur),
1252 998 1308 1062 sed
1345 1005 1437 1065 tacite

854 1100 959 1157 iernen
976 1111 1077 1157 morte
1099 1088 1334 1168 quodammodo
1354 1091 1437 1152 rnul-

787 1213 790 1217 ·
855 1181 1020 1257 tabantu'r,
1038 1184 1136 1257 vique
1150 1181 1217 1258 ipsa
1235 1176 1438 1258 expelleban-

855 1286 909 1333 tur
928 1273 1082 1347 civitate;
1108 1290 1181 1332 curn
1200 1271 1268 1331 solo
1288 1286 1361 1330 aere
1386 1269 1443 1331 vi-

857 1380 930 1423 vere
956 1377 1011 1425 aut
1037 1362 1103 1441 tegi
1120 1378 1184 1420 non
1210 1374 1355 1437 possente
1379 1374 1438 1419 nec

855 1450 903 1512 ias
928 1467 1008 1514 esset
1028 1466 1083 1512 ens
1108 1461 1165 1512 aut
1186 1464 1269 1510 tecto
1294 1448 1445 1526 recipere,

855 1553 911 1602 aut
927 1557 1009 1614 aqua
1025 1553 1059 1600 et
1075 1540 1157 1620 igni,
1170 1538 1350 1621 ceterisve,
1361 1536 1441 1608 qui-

857 1630 917 1691 bus
928 1632 993 1692 vita
1007 1628 1198 1702 continetur,
1206 1623 1339 1706 juvare,
1353 1637 1391 1687 ut
1403 1641 1444 1685 ex

221 1718 268 1796 ei,
306 1717 359 1801 qui
391 1714 426 1776 in
463 1712 598 1775 insulam
629 1709 811 1794 deportatus

220 1802 301 1893 ert(
324 1806 347 1892 ).

293 2003 735 2071 COMMENTARIUS.

857 1715 928 1779 ead.
940 1734 1019 1780 orat.
1033 1714 1199 1780 Ciceronis
1215 1731 1276 1796 pro.
1288 1711 1373 1775 domo
1388 1728 1445 1777 sua

856 1805 1240 1890 cap.a9.etiit.liqtret.
1384 1879 1388 1887 .

903 1914 923 1957 2
968 1892 1036 1982 (in
1068 1892 1196 1957 insulan
1223 1886 1404 1971 deportatus
1417 1886 1445 1971 i.

857 1985 936 2048 Non
964 2004 1031 2049 uno
1055 1985 1129 2047 loco
1150 1976 1186 2043 in
1211 1976 1300 2041 libris
1331 1979 1449 2040 nostris

221 2128 227 2139 .
858 2075 1011 2138 traditum
1035 2087 1101 2151 est,
1130 2070 1380 2150 deportationem
1411 2070 1447 2128 in

272 2182 286 2226 1
336 2159 518 2246 (01⁴3qu
537 2174 567 2222 et
582 2154 683 2243 igidi·
697 2153 811 2231 iures
858 2165 994 2228 insulam
1010 2167 1042 2225 in
1066 2165 1172 2224 locunt
1195 2175 1287 2236 aqua
1313 2169 1344 2219 et
1360 2157 1446 2238 ignis

223 2250 396 2332 majoribus
410 2248 525 2310 tradito
546 2268 611 2308 non
625 2247 750 2308 licuisse
766 2247 811 2306 ci·
860 2252 1090 2332 interdictionis
1125 2247 1333 2322 successisse,
1357 2244 1378 2306 l.
1413 2262 1445 2306 2.

224 2359 316 2417 vern,
331 2340 406 2400 licet
431 2338 576 2411 noriunr,
604 2348 660 2397 aut
685 2333 813 2411 suppli·
861 2343 891 2419 ς,
921 2360 949 2405 1.
973 2339 1010 2402 de
1025 2357 1106 2424 poen.
1133 2336 1154 2396 i.
1175 2355 1204 2415 3.
1231 2329 1448 2419 ad.leg.Ju1.

225 2431 277 2491 cio
301 2428 412 2505 capitis
427 2418 571 2500 allicere,
597 2436 655 2485 aut
672 2423 811 2489 liberta·
856 2431 960 2513 pecul,
988 2429 1009 2492 i
1031 2444 1103 2512 pm.
1142 2424 1175 2487 in
1199 2423 1254 2503 sut.
1282 2420 1319 2483 dr
1346 2435 1447 2484 extra.

224 2533 287 2581 tent
326 2517 387 2600 ei,
418 2516 619 2577 civitatemve
661 2511 813 2590 adimere,
859 2539 947 2603 cogn.
977 2519 1103 2593 ltaque,
1129 2515 1239 2578 umbra
1253 2514 1370 2576 uetusti
1388 2508 1450 2591 ju·

225 2608 317 2673 mulli
349 2602 573 2688 tradiderunt,
599 2601 705 2665 Caesar
732 2615 811 2664 orat.
860 2610 902 2671 ris
921 2606 1028 2670 adhuc
1045 2618 1192 2689 retenta,
1219 2620 1303 2678 aqua
1319 2618 1351 2664 et
1377 2601 1447 2682 igni

226 2689 638 2781 suaapttdSailttst.debeii.
651 2687 809 2754 cartici-
859 2694 1043 2760 int'erdictos
1074 2695 1172 2756 nostri
1193 2690 1372 2770 deportatos
1393 2693 1450 2750 in-

223 2803 298 2849 ceto
313 2788 347 2848 in
367 2783 433 2845 ruis
445 2798 505 2866 pro
520 2780 593 2845 Aul.
619 2778 727 2843 Caecin.
748 2797 810 2863 pro
858 2781 1123 2865 terpretantut31.
1143 2802 1169 2845 ι.
1184 2784 1212 2859 §.
1232 2799 1261 2842 2.
1278 2776 1317 2839 de
1344 2777 1443 2861 legar.

218 2874 309 2935 <domo
333 2893 408 2949 sua,
429 2888 487 2954 prs
514 2872 605 2934 com.
629 2867 717 2932 Bait.
742 2871 809 2932 La·
860 2895 891 2954 3.
914 2874 936 2938 i.
955 2894 986 2937 a.
1011 2872 1050 2934 de
1069 2869 1164 2957 pubi:
1180 2867 1252 2953 jud.
1273 2866 1449 2942 eademque

224 2979 324 3025 crant.
350 2961 403 3021 lib·
429 2979 460 3021 2·
486 2974 552 3040 cap.
579 2959 810 3041 10··Caeterum
857 2978 891 3027 et
912 2967 945 3025 in
975 2965 1048 3026 aliis
1075 2963 1154 3023 locis
1182 2957 1449 3022 itlnrnrnnerbo-

217 3069 297 3112 curn
311 3046 352 3110 ad
368 3044 541 3124 disciplinae
565 3048 699 3124 publicae
714 3048 810 3125 vigo·
859 3069 929 3113 rum
956 3050 1177 3128 interpretatio
1208 3045 1353 3113 iacienda
1388 3057 1448 3105 est.

224 3156 291 3201 rem
313 3137 444 3201 omnino
459 3136 612 3212 pertineat
625 3179 634 3210 ,
647 3132 763 3196 delicta
779 3147 811 3194 et
859 3136 1000 3201 Consule
1025 3139 1164 3203 Brisson.
1189 3135 1244 3200 tiit
1266 3157 1296 3217 3.
1311 3132 1369 3198 rei.
1391 3151 1450 3195 att·

217 3231 341 3291 scelera
357 3227 510 3291 malorum
529 3222 811 3303 hominumitnpu·
860 3225 919 3311 τίς.
931 3244 1044 3311 capre.

225 3318 293 3375 nite
319 3336 383 3377 non
403 3317 563 3390 relinquis
587 3316 812 3379 intentaratio
906 3337 922 3397 3
971 3316 1055 3382 Cum
1079 3316 1281 3382 Callistratus
1307 3314 1342 3376 in
1365 3310 1389 3374 i.
1420 3326 1450 3388 ς.

218 3416 296 3501 est,
312 3423 376 3476 qua
387 3403 539 3479 civitate,
558 3407 648 3468 salvo
667 3405 811 3467 instituto
861 3406 889 3489 §.
909 3404 965 3468 ult.
980 3404 1016 3467 de
1033 3402 1191 3468 extraord.
1212 3424 1301 3488 cogn.
1314 3406 1371 3478 ait,
1385 3418 1454 3461 tna·

225 3510 403 3571 majorum,
431 3492 672 3565 expellerentur.
700 3495 811 3568 ltaque
860 3515 922 3577 gna
941 3497 1054 3573 capitis
1070 3494 1292 3557 deminutione
1314 3492 1450 3553 libertas·

228 3599 312 3657 aque
342 3596 375 3644 et
399 3578 467 3658 igni
494 3578 638 3640 sontibus
665 3580 812 3644 interdici
860 3599 922 3646 tent
938 3583 1055 3661 adimi,
1071 3582 1166 3659 idque
1184 3582 1327 3645 accidere
1343 3578 1453 3655 depot-

227 3685 366 3745 coeptunr
384 3679 450 3740 est,
473 3678 508 3728 ut
524 3666 573 3728 his
590 3666 715 3730 duobus
727 3683 814 3732 tan-
861 3676 953 3748 tatist
964 3674 1025 3736 sub
1040 3693 1154 3756 magns
1169 3686 1200 3732 et
1217 3670 1383 3729 maximam
1390 3707 1402 3737 ,
1416 3676 1451 3723 et

227 3776 324 3833 quam
337 3758 411 3824 vitae
428 3752 573 3818 humanae
585 3756 737 3832 presidiis
753 3757 814 3820 de·
862 3761 1008 3824 mediant,
1022 3755 1282 3840 comprehendit,
1300 3767 1335 3813 ut
1358 3767 1458 3828 supra

222 3847 353 3929 stituti,
375 3848 401 3907 si
425 3845 559 3908 esitium
581 3845 641 3909 sibi
671 3861 814 3924 pararunt
861 3855 1043 3914 monuimus
1058 3853 1092 3912 in
1108 3832 1267 3932 prritujm
1285 3838 1336 3901 tir.
1353 3851 1384 3902 et
1410 3837 1455 3900 de

195 3926 199 3947 ³
222 3938 331 3999 uitare
354 3932 494 4009 vellent,
516 3937 550 4005 in
576 3935 709 3999 exilium
724 3933 815 4013 profi·
864 3939 1009 4003 libertate
1023 3939 1162 4011 loquitur
1178 3948 1241 3993 nott
1259 3947 1330 4005 quae
1348 3929 1387 3989 sit
1402 3924 1457 4007 ju·

227 4026 301 4088 cisci
314 4037 503 4108 cogerentur
524 4067 537 4102 ,
557 4025 654 4100 inque
669 4026 763 4088 aliam
777 4027 819 4087 ci·
865 4030 910 4093 ris
928 4030 1089 4114 gentium,
1101 4022 1155 4086 sed
1170 4018 1251 4104 juris
1264 4018 1457 4105 Quiritium,

217 4250 225 4269 .
265 4196 316 4290 (ι)
345 4196 390 4266 D.
402 4199 424 4265 l.
443 4205 493 4269 18,
512 4220 595 4268 vers.
609 4202 655 4268 La
667 4199 820 4284 segunda.
