3188 4760
601 231 692 307 “De
724 229 914 327 Nuptidsae
1301 229 1351 325 89

121 368 204 448 cies,
220 382 306 440 recta
321 392 401 452 nna,
413 383 590 437 transversa
598 374 709 436 altera.
758 386 825 454 cap.
840 370 892 434 τό.
913 363 1085 457 credimus)
1104 365 1274 448 dicuntur,
1290 367 1322 432 d.
1338 368 1360 432 1.

169 479 193 536 4
241 462 356 541 Recta,
370 483 426 528 seu
440 462 711 544 perpendicularis
760 459 876 522 sororis
890 480 942 540 39.
955 463 983 538 ς.
1004 478 1031 522 1.
1046 460 1068 521 i.
1080 457 1204 523 etiamsi
1219 460 1272 539 56.
1293 456 1361 523 eod.

119 542 181 613 ilia
194 547 336 617 dicitur:
352 551 391 616 ln
405 573 466 637 qua
481 566 555 615 tunt
564 568 713 636 persona,
760 550 813 615 τὶτ.
830 547 905 611 Cod.
918 547 956 608 de
979 547 1089 613 ineest.
1106 562 1194 633 nupt.
1362 624 1368 635 ,

120 653 251 715 quarum
266 661 328 705 uua
345 639 501 704 descendit
521 640 560 704 ab
580 640 654 705 alia.
671 641 712 705 Et
807 657 828 721 7
875 634 1043 722 (Quamvis
1055 654 1114 721 per
1136 632 1358 725 adoptionem).

42 777 44 781 ,
119 720 239 801 duplex
262 745 329 809 est,
354 731 594 797 ascendentium
612 720 728 793 nimi-⁸
761 726 1356 811 Respectoquoquecngnationisme·

119 829 209 892 rum,
234 818 270 878 in
298 837 366 892 qua
396 833 471 883 sunt
496 833 661 898 patentess
681 833 713 881 et
762 834 796 876 te
813 816 918 878 civilis
942 818 1025 877 inter
1053 832 1197 894 patentes
1221 834 1252 882 et
1277 819 1357 881 libe·

30 927 33 933 *⁴
69 906 72 910 '
117 897 620 986 descendentium,inqnasunt
637 908 715 971 libe·
763 922 815 966 tos
829 906 949 983 nuptiae
962 903 1185 983 prohibentur,
1199 905 1350 982 nefasque

117 991 156 1049 ti.
165 991 269 1059 Linea
284 1012 471 1075 transversa,
484 999 659 1072 quaeetiam
671 997 713 1059 la·
761 1009 828 1069 esse
841 995 1050 1072 existimatur,
1063 1013 1135 1057 eam
1154 1012 1286 1057 uxorem
1297 994 1354 1056 du·

117 1080 229 1141 tetalis
243 1102 300 1159 seu
317 1085 505 1168 collateralis
519 1087 710 1164 appellatur,
760 1100 851 1161 cere,
876 1101 948 1159 quae
978 1099 1035 1161 pet
1055 1081 1261 1163 adoptionem
1287 1080 1355 1144 fitia

118 1164 176 1228 ilia
194 1185 257 1232 est:
269 1169 346 1255 Ωιταε
356 1194 405 1236 eos
421 1172 643 1258 complectitur,
656 1173 711 1258 qui
761 1173 903 1250 neptisve
919 1188 986 1236 esse
1002 1175 1156 1252 coeperitt
1172 1173 1361 1251 intantum,

118 1253 267 1321 exlatere
279 1260 426 1343 ueniunt,
437 1265 495 1340 qui
509 1265 639 1345 scilicet,
650 1265 711 1325 etsi
760 1275 797 1321 ut
815 1262 872 1325 etsi
890 1268 944 1338 pet
959 1264 1246 1345 emancipationem
1270 1261 1354 1326 ado-

117 1341 287 1413 abeodem
302 1354 409 1431 stipite
422 1351 634 1429 descendant,
647 1371 712 1412 nott
762 1350 829 1425 ptio
847 1350 1000 1410 d1ssoluta
1018 1353 1076 1427 sit,
1092 1350 1176 1414 idem
1189 1348 1270 1432 juris
1286 1371 1355 1416 ma·

119 1442 229 1499 tamen
265 1459 352 1503 unus
379 1442 421 1504 ab
450 1443 513 1503 alio
543 1435 604 1525 (t).
631 1436 716 1523 Qua·
763 1434 889 1512 neat,1.
902 1436 1083 1519 quinetiam
1099 1438 1216 1514 §ehoe
1229 1438 1281 1499 tit.
1296 1433 1361 1525 (a).

120 1525 219 1586 etiam
242 1525 364 1606 duplex
392 1542 458 1612 est,
484 1529 630 1605 aqualis,
664 1530 714 1592 vel
763 1525 835 1587 Nec
846 1524 880 1586 id
891 1527 1005 1589 mitum
1015 1528 1115 1591 videti
1129 1526 1236 1606 debet,
1247 1546 1359 1604 quam·

118 1609 303 1688 inaequalis.
321 1619 423 1680 Prima
448 1631 495 1680 est
518 1635 643 1695 eorum,
657 1620 714 1694 qui
763 1616 812 1676 vit
825 1614 930 1691 omnia
951 1614 1133 1696 adoptionis
1148 1613 1222 1698 jura
1249 1620 1357 1696 pete·

119 1703 191 1776 pari
223 1704 330 1785 gradu
362 1706 523 1770 distanti
550 1709 711 1771 communi
762 1706 1028 1782 mancipationem
1060 1706 1251 1791 solvantur,
1275 1705 1298 1769 1.
1318 1704 1353 1768 in

121 1790 244 1878 stipite,
261 1809 299 1858 ut
314 1809 390 1859 sunt
404 1796 470 1861 duo
486 1795 607 1858 fratres.
626 1797 711 1860 lnae-
761 1791 840 1852 omni
863 1813 913 1873 13.
940 1791 978 1853 de
1002 1795 1108 1880 adopt.
1127 1795 1268 1885 Namin
1285 1815 1352 1860 nu-

117 1882 225 1951 quatis
237 1901 315 1946 veto
327 1885 474 1961 illorum,
489 1886 545 1959 qui
562 1887 712 1960 inaequali
762 1882 835 1957 ptiis
851 1899 972 1961 semper
989 1888 1086 1950 etiam
1102 1880 1232 1963 pudoris
1248 1900 1280 1946 et
1297 1902 1351 1947 te-

119 1965 225 2046 gradu
242 1973 284 2033 ab
298 1972 412 2034 eodem
425 1975 530 2050 stipite
545 1970 714 2053 dissident,
762 1972 910 2032 vetentiae
924 1975 1006 2034 tatio
1020 1973 1172 2047 habetur,
1191 1969 1213 2034 l.
1228 1969 1355 2055 adopti-

118 2070 155 2119 ut
168 2068 324 2136 patruus,
341 2075 372 2122 et
384 2059 488 2121 fratris
502 2058 600 2122 filius.
755 2074 821 2118 -vtts
839 2076 889 2136 14.
903 2059 931 2135 §.
947 2076 975 2121 a.
993 2059 1047 2123 hoc
1061 2057 1110 2121 tit.
1127 2059 1230 2121 Patris
1243 2072 1350 2139 autem

170 2160 186 2219 ς
238 2143 425 2232 (Parentum
448 2146 648 2211 liberorumve
664 2148 713 2211 lo·
762 2146 896 2223 persona
917 2162 981 2211 tam
997 2160 1105 2212 sancta
1124 2156 1159 2213 et
1177 2145 1351 2214 reverenda

124 2229 225 2319 eum).
240 2235 284 2295 L.
309 2235 422 2298 nemini
451 2257 501 2320 17.
523 2234 559 2301 C.
578 2238 631 2299 hoe
658 2237 711 2300 τὶτ.
761 2230 835 2301 filiae
851 2253 919 2309 esse
933 2236 1050 2317 debet,
1063 2254 1100 2309 ut
1113 2233 1155 2301 ad
1169 2234 1351 2317 impedien-

123 2320 332 2389 Commodius
343 2325 486 2410 dixisset,
502 2325 584 2390 inter
596 2343 712 2411 paren-
761 2321 819 2387 das
843 2326 971 2404 nuptias
1004 2324 1145 2394 sufficiat
1177 2325 1353 2406 aliquando

119 2417 169 2469 tes
184 2427 215 2473 et
236 2412 373 2480 liberos:
396 2436 469 2478 nam
492 2429 523 2478 et
549 2418 654 2494 patrui
678 2431 731 2491 et,
762 2428 882 2492 patrem
901 2416 1013 2483 fuisse.
1331 2428 1333 2433 '

121 2504 277 2566 avunculi
301 2506 397 2566 etiam
419 2503 586 2583 pa‘re’ntum
602 2506 710 2571 locum

103 2582 105 2587 ’
120 2587 270 2655 obtinent
284 2639 295 2675 ‚
315 2590 336 2651 Ι.
362 2592 477 2663 sororis
494 2582 555 2674 J39.
581 2595 634 2658 hoc
660 2595 717 2659 τὶτ.
930 2617 959 2675 Τ
976 2618 1004 2676 Ε
1018 2619 1049 2677 x
1062 2619 1090 2677 Τ
1104 2619 1135 2679 u
1153 2618 1188 2677 s,

121 2674 197 2742 Haec
231 2698 339 2742 autem
364 2681 538 2757 prohibitio
565 2684 599 2742 in
629 2683 717 2745 linea

119 2781 204 2828 recta
219 2771 257 2827 in
273 2765 433 2837 infinitum
448 2767 692 2843 esnhocteeto.
794 2767 850 2841 De
876 2766 1047 2841 fratribus
1075 2787 1111 2842 et
1138 2766 1325 2844 sororibus.

167 2856 188 2914 ⁶
237 2850 405 2938 (Nefarias
428 2869 521 2937 arque
548 2853 712 2941 incestas).
767 2928 771 2933 ἱ

121 2938 172 3005 De
188 2946 230 3011 iis
243 2945 298 3017 qui
314 2941 349 3005 in
366 2944 449 3012 linea
469 2959 550 3007 tecta
565 2946 712 3024 coierint,
785 2972 788 2981 v
809 2961 832 3006 a
874 2942 964 3007 Inter
985 2964 1039 3008 eas
1064 2967 1179 3034 qnoque
1193 2962 1352 3034 personas,

122 3032 166 3091 ait
188 3033 393 3115 Justinianus
406 3032 555 3113 nefarias,
568 3039 710 3110 atquem
759 3050 822 3115 quta
842 3051 880 3096 etc
904 3050 1083 3099 transverso
1103 3037 1209 3123 gradu
1229 3059 1325 3122 cogno

123 3132 222 3184 cestas
237 3123 362 3199 nuptias
375 3123 618 3210 contrahere,in
630 3144 709 3187 sum·
759 3120 853 3183 tionis
870 3126 1067 3209 junguntur,
1089 3140 1136 3186 est
1155 3124 1290 3209 quedam
1304 3126 1366 3205 τὶ-Ι

123 3223 172 3270 nto
202 3212 323 3274 scilicet
372 3210 574 3285 raduNem
602 3214 711 3277 inhia
760 3209 844 3289 miiis
871 3210 1065 3290 obseruatio,
1090 3211 1145 3273 sed
1168 3232 1225 3275 non
1250 3228 1349 3283 tanta.

124 3306 210 3383 tanta
227 3317 273 3360 est
289 3231 455 3377 turditudo
470 3298 712 3379 etioedita‘s,·'ut
761 3295 842 3360 Sane
858 3298 937 3359 enim
952 3298 1036 3362 inter
1046 3296 1184 3377 fratrent
1198 3324 1351 3369 sororem·

124 3400 237 3463 natura
255 3388 396 3458 omnesd
412 3390 468 3463 tali
484 3386 710 3469 conjunctione
760 3389 954 3472 queitruptiae
975 3387 1137 3472 prohibite
1162 3407 1269 3474 sunt,
1281 3394 1350 3458 sive

124 3473 336 3553 abhorreant,
352 3492 383 3538 et
398 3496 454 3543 sua
469 3479 608 3554 ipsorum
625 3497 706 3542 con-
754 3473 914 3540 abeodem
937 3492 1030 3563 patre
1063 3478 1223 3566 eademque
1250 3496 1349 3545 matre

124 3566 254 3626 scientia
272 3562 502 3646 redarguantur
517 3585 643 3632 necesse
656 3571 708 3647 sit,
754 3565 825 3629 'nott'
840 3562 983 3646 fuerint,
1009 3569 1076 3632 sive
1102 3569 1141 3632 ab
1165 3569 1264 3632 altero
1293 3589 1348 3631 eo-
1409 3576 1414 3583 ’

18 3700 19 3705 ,
125 3652 476 3735 quihaecttatutaejuta
494 3656 707 3725 violenteas·
757 3661 838 3721 runi.
856 3653 921 3717 Sed,
938 3655 968 3718 si
992 3679 1056 3743 quo
1075 3676 1135 3743 per
1157 3656 1347 3742 adoptionem

125 3751 225 3815 tetum
238 3761 269 3805 et
282 3745 352 3806 aliae
370 3746 589 3823 nuptiae,quae
606 3748 709 3808 ratio·
761 3764 846 3806 soror
872 3743 930 3807 tibi
955 3766 1021 3810 esse
1047 3745 1189 3828 ceperit,
1212 3746 1349 3829 quandiu

126 3845 167 3889 ne
177 3833 374 3909 cognationis
389 3850 444 3895 aut
457 3831 623 3895 affinitatis
640 3855 713 3913 pto·
732 3857 736 3866 ·
762 3831 883 3917 quidem
899 3848 1021 3896 constat
1038 3831 1161 3914 adoptio
1174 3880 1185 3912 ‚
1197 3854 1277 3897 tane
1293 3834 1350 3893 in·
1396 3909 1400 3918 1

125 3911 291 3995 hibentur,
316 3923 461 3999 incesta,
484 3922 546 3985 hoc,
571 3938 636 4005 est,
661 3925 715 4002 inf
764 3934 812 3984 ter
839 3938 870 3991 te
896 3936 1021 3993 et'eatn
1049 3919 1160 4007 nuptie
1185 3921 1372 3993 consistere-

128 4017 270 4100 castaeset
283 4009 411 4085 pollutae
424 4008 465 4097 (si
481 4010 602 4077 isidoro
615 4008 670 4076 tit.
687 4028 717 4092 ς.
768 4032 827 4076 non
838 4000 993 4100 possuntt
1012 4029 1077 4077 cum
1090 4032 1163 4075 uero
1177 4024 1236 4094 per
1249 4000 1353 4075 emutt‘·

488 4174 494 4180 .
659 4120 663 4127 ⁴
976 4124 1298 4187 ·.·*“‘

179 4174 230 4331 (ὦ)
255 4180 259 4187 ’
277 4179 319 4332 ld
334 4203 365 4249 τ.
380 4185 432 4276 iit.
446 4189 481 4253 6.
493 4187 533 4260 Ρ.
545 4212 577 4270 4.
600 4258 603 4267 ,
622 4187 679 4283 (a)
725 4191 767 4259 L.
779 4213 813 4282 7.
827 4190 879 4271 τὶτ.
892 4213 925 4282 7.
939 4188 1027 4344 PM4.
1040 4210 1124 4275 pers.
1137 4190 1185 4261 Ca
1199 4190 1230 4253 el
1242 4185 1358 4259 eadee.

222 4290 325 4348 θῒηιμ
553 4310 557 4315 “
953 4288 957 4297 ¹
