3228 4768
278 224 355 302 444
422 166 426 176 ’
648 195 743 273 ιιι.
762 192 822 270 ιι.
851 188 1082 271 rte-XIV.

254 345 353 408 itaut
381 341 523 408 voluntas
540 337 688 404 defuncti
717 341 839 403 exitum
888 351 956 413 est,
975 352 1028 399 eos
1049 336 1103 411 qui
1127 335 1162 395 in
1177 332 1472 423 contrahendo-ap·
1579 358 1580 433 }

256 433 393 512 reperire
410 447 552 507 nequeatr
566 425 746 509 cujusmodi
762 446 841 490 con·
888 438 1010 505 ponunt
1023 441 1078 488 aut
1089 426 1209 502 apponi
1222 427 1394 504 patiuntur
1405 451 1472 495 con·

256 520 337 583 ditio
352 520 584 585 institutionem
606 520 719 602 vitiat,
745 514 767 578 1.
788 518 839 582 ι6.
887 514 1066 592 ditionem,
1088 531 1185 588 quarn
1207 516 1311 578 sciant
1328 536 1397 581 esse
1418 523 1474 584 iui-

257 607 295 670 de
310 608 396 671 cond.
422 609 496 670 inst.
515 604 576 693 (ι).
593 604 655 670 Sed
671 609 748 670 etin
775 606 840 669 alia
888 604 1088 682 possibilem,
1114 620 1177 663 non
1192 620 1260 665 esse
1282 604 1344 668 hoc
1360 611 1473 688 animo,

254 701 368 774 quavis
390 699 500 760 ultima
513 698 690 775 voluntate,
706 710 784 774 puta
795 697 842 758 le·
888 708 925 756 ut
937 711 990 768 se,
1001 705 1058 754 aut
1074 693 1152 753 alios
1168 694 1229 753 sibi
1245 693 1405 777 obligent,
1416 700 1474 767 sed
1580 724 1581 731 ι

257 801 334 868 gato
351 800 407 850 aut
425 785 683 864 fideicommisso,
698 784 842 848 conditio
887 777 1006 862 jocari,
1021 780 1154 856 ludere,
1170 782 1304 844 omnino
1331 804 1368 847 ea
1382 790 1469 870 cogi,

257 876 461 954 impossibilis
487 893 542 953 pro
569 895 633 937 non
654 876 768 954 scripta
783 888 842 952 est,
891 873 1010 933 tatione
1026 887 1108 946 esse,
1133 884 1170 932 ut
1194 870 1278 932 nihil
1291 876 1347 954 agi
1363 877 1470 939 existi-

260 962 283 1028 Ι.
304 965 418 1049 104.§.
436 982 464 1026 ι.
477 962 515 1025 de
528 963 625 1049 legat.
644 984 671 1028 ι.
684 964 843 1045 generali·
890 973 987 1022 ment.
999 958 1047 1021 At
1062 972 1243 1020 testatorem
1260 961 1293 1020 in
1305 963 1472 1028 ordinario·

257 1066 305 1114 tet
326 1055 410 1115 enirn
430 1051 582 1129 quicquid
604 1051 639 1116 in
663 1065 841 1115 testamen·
890 1066 931 1110 ne
944 1065 1098 1125 supremae
1113 1045 1300 1133 voluntatis,
1315 1052 1351 1111 in
1367 1073 1402 1116 re
1411 1050 1472 1118 tim

258 1154 294 1202 to
314 1143 464 1220 rcriprum
480 1140 671 1221 impossibile
689 1156 750 1220 est,
766 1141 842 1220 pla.
889 1139 970 1199 seria
984 1151 1016 1199 et
1043 1134 1237 1225 cogitatione
1264 1142 1475 1224 mortalitatis,
1581 1138 1582 1157 ¹

259 1243 309 1294 tet
336 1230 457 1294 nullam
474 1232 538 1295 vim
560 1228 697 1307 babere,
714 1228 736 1293 l.
762 1249 792 1309 3.
804 1228 843 1292 de
891 1244 957 1289 non
971 1227 1053 1289 serio
1064 1243 1171 1305 agere,
1183 1237 1214 1287 et
1230 1224 1477 1312 luderevoluisa

258 1317 345 1383 rond.
361 1333 391 1380 et
406 1319 484 1382 den.
506 1314 566 1405 (a).
583 1319 681 1381 Plane
699 1317 843 1382 conditio
890 1332 945 1393 se,
972 1311 1060 1392 quod
1079 1315 1114 1375 in
1140 1315 1278 1391 speciem
1303 1317 1472 1395 impietatis

258 1404 402 1471 difficilis
418 1408 557 1473 hucnon
573 1410 723 1493 pertinet,
739 1424 844 1485 quan·
891 1403 997 1481 cadit,
1024 1402 1219 1467 credendum
1242 1423 1389 1486 nonest,
1415 1410 1472 1473 sed
1582 1426 1583 1431 ¹

258 1498 377 1562 toartis
388 1498 736 1577 propterpersonae,cui
748 1517 842 1576 appo·
890 1492 1040 1557 mendum
1054 1492 1474 1577 potiuseiexcidisse,quod
1582 1504 1583 1509 ’

259 1584 319 1647 sita
332 1600 396 1663 est,
409 1586 594 1659 qualitatem
613 1587 747 1649 aliamve
759 1605 842 1651 cau·
890 1581 1001 1648 favore
1012 1582 1133 1648 ultitnae
1148 1582 1321 1647 voluntatis
1337 1589 1473 1668 corrigi·
1520 1658 1525 1665 ,

258 1686 326 1733 tarn
336 1672 482 1736 videatur
494 1671 705 1751 inpossibilis,
716 1673 770 1736 sed
780 1677 842 1737 nisi
890 1685 959 1752 tur,
969 1686 1003 1735 et
1022 1670 1275 1751 tolliturilege,
1290 1693 1331 1736 ne
1347 1674 1381 1737 id
1403 1675 1473 1740 hre-

259 1759 444 1824 conditione
462 1773 625 1848 pareatur,
648 1763 792 1827 relictum
808 1766 843 1828 in
891 1760 960 1825 redi
980 1760 1094 1826 ¹itaudi
1111 1763 1167 1839 tit,
1192 1762 1244 1824 cui
1264 1760 1345 1825 nibil
1358 1766 1471 1842 impu-

185 1902 196 1911 .
260 1861 449 1917 testamento
457 1870 522 1914 non
529 1855 653 1932 cupitur
661 1847 845 1940 (3).Finge,
891 1852 955 1913 tari
970 1864 1092 1932 potest,
1106 1867 1184 1914 neve
1198 1848 1472 1917 altahenerecre·

258 1937 437 2003 libertatern
446 1958 538 2004 servo
550 1940 691 2005 relictam
700 1941 758 2005 hac
770 1961 845 2006 con·
893 1942 1146 2031 quegoustituta
1171 1951 1379 2022 evertantur,
1404 1962 1474 2027 arg.¹

259 2025 394 2092 ditione:
409 2027 445 2091 Si
461 2026 574 2093 heredi
586 2028 698 2093 millies
712 2028 843 2095 dederit.
894 2025 916 2092 1.
937 2048 965 2094 ι.
982 2026 1118 2107 decond.
1133 2027 1238 2095 instit.
1318 2082 1322 2087 .
1468 2056 1474 2063 ·

260 2115 323 2179 llic
338 2135 403 2178 non
418 2117 602 2182 detrahetur
615 2116 775 2199 conditio,
788 2119 845 2186 sed
939 2139 957 2198 3
1003 2117 1192 2198 impossibili
1203 2116 1380 2182 conditioni
1390 2122 1473 2185 sini·

260 2202 383 2283 inutilis
395 2207 454 2266 erit
468 2205 555 2267 dario
566 2205 730 2285 libertatis,
744 2218 781 2271 ut
792 2227 843 2274 re·
891 2206 931 2270 lis
943 2221 990 2272 est
1002 2204 1139 2272 conditio
1163 2207 1280 2283 turpio,
1298 2225 1397 2282 qoam
1409 2209 1476 2275 dn·

259 2305 408 2365 sponsum
431 2305 477 2352 est
500 2290 633 2355 dPaulo
650 2292 670 2353 l.
699 2312 731 2373 4.
760 2297 795 2374 §..
811 2315 840 2362 ι.
889 2293 1145 2377 terpretesnulgo
1156 2303 1192 2357 ut
1201 2296 1335 2371 speeiem
1348 2297 1474 2372 impos·

259 2372 298 2434 de
314 2376 454 2442 statulib.
470 2378 556 2443 Idem
578 2377 658 2463 jutis
683 2395 747 2462 est,
764 2387 842 2451 siin
889 2384 975 2450 sibili
990 2382 1175 2467 subjiciunt,
1188 2397 1219 2445 et
1234 2382 1398 2463 appeliant
1410 2387 1480 2449 ior-1

151 2524 156 2534 ,
258 2474 324 2528 tarn
336 2467 466 2550 longum
480 2481 604 2550 ternpus
618 2471 759 2536 conditio
774 2476 841 2538 col·
890 2476 1071 2554 possibilem
1097 2472 1138 2538 de
1156 2467 1237 2553 jure.
1253 2472 1301 2535 Ea
1316 2486 1382 2539 est:
1395 2472 1471 2553 Qua

259 2553 406 2644 dotauit,
438 2574 474 2623 ut
495 2579 534 2624 eo
560 2562 763 2641 temporeis,
785 2569 839 2629 cui
890 2563 966 2646 quid
989 2563 1143 2642 continet,
1160 2558 1237 2646 qood
1255 2576 1381 2647 pugnat
1405 2582 1472 2626 curn

259 2642 386 2708 libertas
402 2646 515 2728 datur,
529 2651 638 2715 vivere
654 2653 711 2714 vix
730 2654 839 2735 possit,
882 2650 1021 2739 pietate,
1042 2649 1239 2737 legibusdaut
1265 2647 1352 2714 hortis
1376 2650 1472 2714 mori-

185 2742 193 2749 '
259 2735 361 2797 veluti
377 2736 402 2798 si
416 2755 506 2801 servo
521 2754 656 2815 quatuor
672 2759 771 2814 annos
783 2761 840 2807 ne·
888 2743 954 2806 bus.
978 2744 1065 2807 Natu
1077 2784 1087 2820 ,
1101 2757 1138 2804 ut
1155 2738 1239 2803 bene
1254 2752 1285 2802 et
1308 2742 1361 2818 pie
1375 2741 1468 2819 Papi·

259 2833 294 2884 ιο
309 2823 437 2889 libertas
450 2826 559 2906 detur,
572 2847 645 2893 curn
661 2831 718 2893 erit
735 2850 840 2895 anno·
889 2835 1004 2897 nianur
1025 2846 1128 2894 noster
1155 2829 1189 2890 iu
1203 2826 1226 2890 1.
1252 2844 1304 2906 ςς.
1330 2827 1370 2892 de
1383 2827 1467 2894 cond·

259 2929 332 2975 turn
350 2933 493 2980 centum:
507 2916 547 2980 de
560 2937 627 2994 quo
644 2916 841 2987 'vid.Ftanc.
889 2921 965 2985 inst.
981 2919 1057 2999 Quo
1071 2915 1171 2996 facto,
1188 2915 1300 2979 indunt
1312 2918 1467 3000 pietatem,

256 3000 382 3080 Amaya
402 3003 456 3067 lib.
475 3023 506 3067 2.
522 3004 586 3072 obs.
596 3009 661 3090 jur.
676 3023 744 3090 cap.
766 3029 817 3076 ιι.
889 3004 1161 3084 existimationem,
1188 3005 1404 3070 uerecundiam
1417 3026 1467 3071 tto·

305 3107 323 3153 a
371 3092 447 3155 Alio
465 3109 570 3158 autem
582 3093 653 3176 jure
669 3098 788 3161 utimur
805 3102 839 3163 in
886 3112 1002 3177 rtrum,
1020 3109 1051 3157 et
1073 3091 1347 3179 generaliterque
1366 3108 1463 3159 contra

254 3176 512 3253 stipulationibus
524 3201 554 3248 et
562 3186 838 3271 conventionibus3
887 3186 975 3251 bonor
999 3202 1096 3248 morer
1115 3182 1219 3260 fiunt,
1240 3202 1277 3246 ea
1292 3204 1346 3245 nec
1361 3182 1463 3261 facere

256 3264 377 3341 quippe
387 3287 458 3342 quae
473 3275 591 3338 nullius
601 3279 749 3340 momenti
761 3291 836 3341 sunt
886 3296 941 3340 nor
951 3291 1043 3361 porse
1055 3268 1235 3335 credendum
1255 3286 1315 3335 ert.
1337 3274 1380 3335 Et
1395 3272 1462 3337 ideo

184 3380 189 3391 ·
254 3352 835 3445 erinroturnvitiantur'appositaron·
882 3367 1004 3430 etiarnsi
1018 3361 1098 3441 quid
1110 3357 1265 3449 ejusmodi
1279 3373 1463 3427 testamento

253 3437 377 3502 ditione
388 3441 572 3519 impossibili
584 3492 595 3528 ,
608 3455 636 3529 §.
658 3473 707 3517 ιι.
722 3452 781 3533 inf.
797 3453 835 3518 de
882 3456 1031 3520 insertum
1047 3454 1098 3528 sit,
1113 3449 1148 3512 id
1160 3448 1290 3528 perinde
1303 3470 1340 3513 ac
1353 3449 1462 3528 siquid

255 3525 337 3593 inut.
353 3528 428 3613 stip.
443 3529 466 3593 1.
483 3551 533 3611 31.
546 3532 583 3595 de
594 3538 651 3600 obl.
664 3554 693 3601 et
705 3558 764 3605 act.
773 3541 833 3630 (4).
883 3541 1073 3624 impossibile
1084 3539 1276 3618 adscriptum
1289 3553 1379 3616 esset,
1393 3541 1465 3616 ple·

251 3617 310 3681 ubi
332 3620 427 3682 etiarn
452 3617 566 3684 diversi
579 3620 660 3701 juris
672 3629 834 3696 indicatur
881 3648 932 3698 cet
944 3652 1002 3715 pto
1014 3650 1079 3694 non
1090 3630 1208 3707 scripto
1222 3627 1326 3690 heberi
1333 3669 1345 3701 ,
1358 3624 1380 3686 Ι.
1410 3644 1465 3704 ι4.

252 3709 354 3774 ratior
371 3711 519 3776 nimirum
542 3713 617 3789 quia
631 3715 832 3787 manifestum
879 3721 919 3786 de
940 3719 1026 3787 cond.
1048 3719 1125 3785 inst.
1147 3716 1261 3785 ueluti:
1281 3710 1318 3775 Si
1331 3710 1372 3776 ab
1401 3712 1465 3778 lta·

152 3858 159 3866 „
213 3883 215 3887 ’
298 3884 349 4149 0}
393 3891 433 3956 L.
453 3912 481 3974 5.
502 3891 652 3984 tit.4'.P.
669 3894 701 3962 6.
880 3898 958 3979 §tin
975 3899 1074 3987 gloss.
1090 3912 1121 3979 4.
1145 3891 1224 3980 legis
1242 3887 1346 3955 ultien.
1361 3890 1462 3974 ιὶι.4.

294 3974 328 4146 ξι
391 3979 430 4043 L.
447 4003 478 4068 3.
497 3982 562 4048 eod.
878 3989 969 4068 P,4,

313 4082 328 4143 3
391 4067 432 4133 L.
447 4088 479 4146 4.
496 4072 559 4137 eod.
577 4072 615 4136 de
630 4094 688 4162 que
701 4073 828 4161 vidend.
921 4065 974 4165 (4)
1016 4076 1102 4165 Arg.
1114 4074 1138 4141 l.
1157 4092 1210 4160 17.
1233 4069 1288 4137 rir.
1309 4091 1362 4139 ιι.
1380 4067 1418 4135 Ρ.
1433 4085 1463 4151 ς.

246 4144 384 4236 G10801·
407 4157 486 4236 Lop.
501 4156 645 4249 ingiter.
676 4187 704 4232 r.
729 4165 827 4265 ejusd.
890 4226 894 4231 .
976 4212 981 4221 s
1132 4208 1136 4217 -
