3224 4762
364 206 428 294 De
455 214 556 312 Jnre
584 218 759 294 naturale·
771 274 783 310 ,
808 229 915 319 gent.
936 230 980 295 et
1007 218 1135 295 civili.
1305 236 1350 313 51

154 377 209 423 nes
243 353 445 443 appellantur.
479 355 579 420 Pione
612 379 651 419 ese
682 356 746 422 itis<
785 357 962 444 Imperium,
972 356 1096 441 faeces,
1109 355 1258 445 legiones,
1268 357 1381 441 omnia,

153 447 288 532 quedam
303 459 372 508 sunt
386 449 567 530 personales
578 469 667 533 ,que
682 468 735 511 nec
875 469 956 513 nune
979 469 1013 512 re
1105 474 1109 479 ·

152 536 194 599 ud
213 536 377 618 exemplum
390 535 579 621 trahuntur,
595 538 735 621 quoniam
786 536 943 616 Continet,
962 554 1054 623 utque
1072 535 1150 603 tuos
1169 549 1290 601 tanturn
1317 555 1369 601 res

152 626 275 687 nonnos
290 623 440 708 Princeps
462 624 547 689 vult:
572 647 640 689 naen
656 626 736 710 quod
877 627 989 693 annius
1002 642 1105 711 optat,

152 713 246 776 alicui
261 711 456 776 obnieriturn
477 712 626 792 indulsit,
641 716 693 778 uel
708 715 739 778 si
787 713 920 794 Panem,
935 731 966 778 et
982 713 1151 779 Circenses.

153 823 242 887 quarn
272 811 391 885 paenam
417 801 601 885 irrogavit,
632 803 683 863 oei
710 803 739 865 si
837 823 853 882 3
901 801 1129 889 (Quodcumque
1144 824 1218 890 ergo
1234 802 1378 890 Impera·

154 892 203 953 cui
220 892 288 953 sins
307 889 742 974 exemplosuboenit,perso·
791 887 876 977 tor).
910 893 1165 956 Constitutiones
1194 895 1379 973 Principum

148 1000 227 1042 naen
242 1000 301 1041 non
327 976 573 1063 transgreditur.
590 980 741 1041 Aliaeau-
789 981 1378 1062 nonsuntuniusgeneris.Distinctio

154 1080 234 1149 tem,
262 1087 327 1129 eun
347 1066 508 1151 generales
534 1065 617 1149 sint,
638 1088 739 1132 ornnes
787 1068 920 1132 ictusa
945 1067 1056 1146 finali,
1074 1070 1135 1133 hoc
1150 1084 1220 1149 est,
1242 1070 1262 1132 i
1284 1089 1381 1150 scopo

150 1153 477 1241 protestationum.
647 1219 654 1240 ‚
787 1160 1010 1222 etinteotione
1037 1159 1192 1237 Principis
1215 1159 1384 1225 sumenda.

160 1268 164 1277 ·
791 1247 918 1311 Etenim
938 1250 991 1311 vei
1007 1249 1067 1310 hoc
1089 1261 1198 1327 aperte
1213 1261 1246 1312 et
1263 1248 1385 1311 directe

194 1382 197 1387 .
230 1359 671 1423 COMMENTARIUS·
713 1342 717 1349 '
792 1336 1025 1415 Princepsagit
1049 1349 1086 1398 ut
1102 1338 1204 1416 legem
1221 1337 1385 1401 condatet

123 1482 128 1491 ,
164 1454 167 1459 ⁴
614 1458 617 1462 ·
791 1418 844 1504 jus
860 1426 1056 1508 ptaescribat,
1071 1423 1158 1498 quod
1174 1420 1314 1485 fittCum
1326 1444 1385 1506 ge·

122 1556 125 1562 -
160 1548 167 1567 ι
208 1530 223 1576 1
273 1507 379 1596 (Lege
395 1508 525 1596 Regia).
542 1513 619 1576 Haec
635 1509 745 1577 eadem
796 1512 943 1572 oerciiter
977 1526 1007 1572 et
1045 1526 1125 1572 motu
1153 1511 1278 1594 propria
1312 1508 1389 1594 quil

158 1618 232 1676 qoae
256 1603 312 1662 len
330 1601 594 1678 impetii'dicitut
621 1604 657 1664 in
672 1601 743 1688 1.-3.
796 1597 999 1687 (Princeps)
1030 1599 1192 1662 constituit
1221 1598 1263 1661 ad
1300 1616 1390 1661 urum

157 1687 194 1752 C.
209 1688 247 1749 de
260 1703 378 1752 restam.
392 1690 433 1752 Et
451 1690 531 1752 nihil
543 1686 632 1754 eiind
647 1690 746 1754 fuisse
795 1688 1002 1766 subditorum,
1031 1708 1104 1765 quse
1125 1691 1246 1768 species
1261 1690 1390 1752 consti,

157 1779 307 1855 videtur,
329 1798 426 1855 quam
437 1782 603 1860 congeries
619 1798 741 1859 proero-
795 1781 929 1849 tutionis
961 1778 1102 1841 edictum
1129 1778 1248 1843 dicitur
1276 1793 1308 1841 et
1335 1778 1390 1842 lex

157 1870 337 1948 patinarum
366 1869 610 1945 imperatoribus
632 1868 742 1931 decre·
791 1866 947 1943 edictalis,
962 1867 986 1930 Ι.
1006 1871 1039 1930 6.
1053 1867 1091 1934 C.
1105 1865 1143 1927 de
1156 1887 1215 1929 see.
1229 1882 1305 1951 nup.
1315 1885 1390 1930 cum

156 1968 263 2018 tarum
278 1958 337 2018 sub
349 1957 476 2018 initium
490 1956 615 2034 imperii
625 1976 633 2012 e
645 1956 744 2017 adco-
793 1955 886 2016 simii.
896 1956 949 2017 vei
969 1976 1034 2018 non
1049 1958 1118 2038 agit
1126 1953 1160 2017 id
1172 1954 1393 2033 principaliter

158 2055 223 2115 que
246 2060 284 2106 eo
300 2046 444 2108 constitit
467 2046 562 2105 uariis
587 2043 745 2107 Senatus·
794 2058 829 2105 ut
847 2039 898 2122 jus
919 2042 1053 2116 aliquod
1075 2046 1109 2104 in
1125 2061 1292 2106 commune
1307 2061 1391 2105 con-

157 2122 313 2194 consultis
328 2132 479 2210 paulatim
493 2131 583 2194 fectis
596 2133 630 2193 in
645 2131 746 2194 hono·
794 2132 926 2216 stiruat,
952 2130 1008 2197 sed
1031 2134 1066 2193 in
1085 2132 1190 2210 specie
1215 2133 1304 2193 litem
1320 2131 1388 2193 eii·

158 2238 225 2283 tem
249 2222 450 2298 Principum,
475 2233 510 2282 ut
528 2223 607 2283 benc
630 2220 746 2300 ,probat
795 2239 891 2295 quam
907 2223 992 2284 intes
1012 2234 1116 2301 portes
1138 2234 1325 2300 componet,
1350 2232 1384 2284 et

159 2310 295 2374 Heinec.
308 2308 417 2394 Antiq.
433 2307 519 2373 Rern.
530 2309 584 2374 iii.
604 2329 632 2373 1.
646 2308 700 2373 tit.
716 2326 750 2376 o.
794 2324 902 2372 tamen
920 2327 1046 2390 propter
1062 2312 1283 2374 excellentiam
1296 2327 1326 2371 et
1340 2308 1394 2372 di.

159 2397 260 2480 §on
274 2411 305 2459 er
320 2418 405 2482 seqq.
542 2430 545 2435 <
566 2446 571 2453 ι
728 2406 736 2435 ³
798 2401 952 2480 gnitatem
962 2419 1103 2480 persone
1116 2400 1349 2474 constituentis,
1356 2395 1392 2463 id

209 2505 226 2548 2
274 2484 379 2571 (Omne
393 2485 554 2570 inperium
568 2499 597 2550 rt
606 2500 747 2573 potesta·
798 2488 886 2562 quod
900 2490 1067 2551 constituit
1080 2489 1160 2568 legis
1174 2490 1319 2568 vigorem
1332 2487 1395 2549 ha·

162 2571 253 2660 ren).
268 2577 427 2642 Privative
447 2578 568 2640 scilicet
580 2622 590 2654 ,
603 2597 668 2642 non
684 2597 747 2641 cu·
798 2575 872 2653 bet,
894 2576 926 2642 i.
947 2596 974 2639 1.
987 2578 1017 2659 §.
1035 2596 1063 2638 1.
1079 2575 1116 2635 de
1136 2590 1231 2637 const.
1250 2573 1393 2654 Princip.

163 2664 651 2741 mulative.Nihiladremiacit,
663 2664 751 2738 quod
800 2662 822 2724 Ι.
840 2663 901 2726 ult.
917 2661 953 2724 C.
971 2662 1008 2722 de
1024 2660 1119 2745 legib.
1140 2657 1207 2744 (t)=
1220 2680 1296 2722 cum
1312 2660 1396 2723 tesi

163 2752 327 2829 Principes
342 2752 383 2813 ab
397 2755 506 2812 invisis
517 2753 637 2829 populo
649 2753 752 2813 nomi·
800 2749 978 2828 ‹Judicibus
991 2747 1141 2828 judicata
1158 2748 1230 2810 aliis
1251 2766 1316 2810 non
1333 2767 1397 2810 no·-

161 2839 260 2900 nibus
273 2839 436 2918 Regisaut
448 2839 581 2900 Domini
594 2837 754 2900 abstinue-
801 2849 898 2902 ceent
914 2831 981 2924 (ι),
999 2834 1052 2900 tit.
1075 2833 1112 2899 C.
1129 2855 1179 2898 res
1195 2834 1253 2900 int.
1272 2836 1314 2899 ui.
1331 2850 1393 2903 aet.

160 2928 238 3005 rint,
254 2929 326 2990 cum
339 2927 407 2988 elio
418 2928 477 2989 sub
489 2929 618 2988 nomine
630 2928 750 3007 regiam
800 2925 853 2987 nel
860 2924 931 3009 jud,
948 2925 989 2988 al.
1003 2945 1060 2988 nan
1073 2945 1137 2988 noc.
1153 2945 1191 2990 ac
1204 2944 1244 2989 ne
1256 2940 1389 2990 senten·

165 3027 352 3094 potestatem
380 3030 596 3094 exercerent,
619 3029 750 3079 anctore
799 3016 851 3078 tis'e
882 3014 1012 3090 quidem
1039 3018 1111 3078 lutee
1133 3018 1168 3079 in
1201 3017 1389 3079 consistorio

164 3102 274 3168 Dione
299 3103 353 3166 tib.
375 3123 425 3182 53.
443 3106 543 3167 multo
561 3116 669 3168 autem
686 3106 752 3167 mi·
798 3104 978 3187 Principis,
993 3119 1049 3167 aut
1070 3107 1138 3180 ipso
1152 3102 1283 3176 quidem
1295 3106 1390 3167 Prin·

161 3211 227 3256 nus
238 3190 291 3272 jus
302 3192 384 3255 iliud
402 3194 627 3273 imaginarium
641 3195 752 3272 populi
798 3194 896 3277 cipe,
916 3191 971 3254 sed
994 3192 1033 3252 ad
1053 3192 1239 3253 relationem
1256 3207 1287 3254 et
1302 3212 1386 3256 con·

135 3280 144 3316 “·
165 3283 201 3344 in
216 3281 374 3363 suffragiis
388 3280 545 3358 ferendis,
561 3297 619 3345 aut
643 3284 696 3344 illa
714 3284 749 3345 in
798 3281 1000 3343 sultotionem
1028 3278 1203 3365 Judicum,
1226 3279 1248 3343 l.
1268 3299 1298 3345 e.
1314 3280 1336 3344 i.
1355 3290 1386 3362 35

161 3367 233 3453 jure
256 3369 427 3440 condendo
451 3371 591 3448 precaria
616 3369 750 3433 Senatus
798 3365 835 3430 C.
850 3366 890 3429 ‘de
902 3366 996 3452 legib.
1011 3364 1101 3455 (vide
1112 3381 1217 3432 temen
1231 3369 1387 3439 Christin.

164 3462 345 3524 auctoritas.
367 3459 541 3522 Manebant
565 3461 651 3521 enim
674 3474 750 3523 tunc
798 3454 859 3519 ool.
876 3476 905 3520 2.
919 3456 1011 3519 decis.
1036 3460 1090 3539 63.
1107 3479 1137 3522 n.
1155 3480 1184 3539 3.
1199 3473 1228 3518 rt
1241 3478 1326 3541 seqq.
1356 3473 1387 3523 et
1425 3460 1428 3467 ’

166 3547 440 3627 tempotioadhuc,
453 3549 752 3624 utinquitTecitus,
796 3545 862 3608 noi.
891 3567 921 3626 3.
938 3544 1031 3611 decis.
1054 3567 1125 3610 ιιι.
1142 3569 1201 3608 vross.
1228 3549 1259 3608 8.
1276 3562 1307 3610 ct
1324 3544 1394 3633 9.).

166 3636 306 3721 uestigia
327 3635 486 3698 morientis
511 3634 676 3698 libertatis.
710 3638 752 3698 Et
795 3637 984 3700 ⁴Posterioris
1000 3636 1093 3718 hujus
1102 3634 1391 3717 genetieduaesunt

139 3730 142 3735 ’
170 3727 331 3792 verissime
370 3723 410 3788 de
452 3727 571 3804 populo
606 3722 752 3802 Romano
800 3729 946 3807 species,
963 3729 1094 3804 epistola
1113 3729 1180 3786 sive
1202 3727 1388 3801 rescriptum

159 3810 341 3889 *Juvenalis
361 3811 465 3897 Satyr.
487 3835 537 3878 ιο.
557 3834 590 3876 u.
616 3816 754 3898 78.⁸in-
800 3829 832 3877 et
853 3813 1023 3877 decretum.
1039 3813 1182 3892 Epistola
1198 3814 1322 3889 proprie
1337 3812 1391 3870 di·

160 3904 261 3974 '2111ss
797 3905 902 3966 citutt
919 3901 994 3962 Cum
1013 3900 1049 3962 dc
1069 3904 1141 3981 jure
1162 3896 1404 3962 consulentibus

155 4012 167 4021 ²
173 4029 272 4050 .........
274 3988 337 4068 Qut
353 3989 444 4056 tabes
459 3990 531 4056 olion
805 3984 1389 4075 Princepsreserentenecreturoectcn

216 4160 270 4255 (t)
286 4196 302 4211 ν
316 4164 358 4234 t..
375 4184 425 4246 14.
440 4166 491 4232 tit.
501 4187 551 4237 cu.
563 4169 600 4236 P.
615 4191 645 4253 3,
659 4170 692 4237 in
697 4168 752 4252 fin.
778 4216 790 4227 .
848 4165 900 4257 (α),
942 4167 981 4232 1..
999 4165 1098 4318 codor
1110 4166 1161 4233 tit.
1180 4163 1218 4230 P..
1232 4182 1262 4245 3.

332 4296 349 4315 f·
1071 4274 1089 4318 s
