3202 4754
265 255 340 341 3¹40
662 220 753 306 Μ
777 226 814 306 Ι.’
832 223 924 306 'Titi
959 220 1065 303 Vn.

247 390 412 456 cenoemr,
425 367 447 440 i.
465 384 518 453 42.
533 362 566 435 i'n
581 367 636 450 fin.
652 368 717 433 eod.
730 372 832 436 lusu·
879 382 951 434 tut:
969 364 1005 428 Si
1024 363 1099 451 quid
1121 364 1197 430 miri
1217 360 1382 453 acciderit,
1408 390 1467 455 prs

251 490 307 553 pet
317 469 504 530 etiamextts
516 463 727 541 suspicionem
735 461 833 527 ullius
881 458 911 521 si
936 455 1245 535 moriar,t.162.§.
1270 477 1299 521 t.
1317 459 1357 522 dr
1379 463 1465 531 verb.

251 555 403 640 periculi,
418 572 449 617 et
463 554 483 616 d
499 571 576 617 sano
593 568 688 626 atque
703 551 737 612 in
750 551 834 615 bone
882 545 967 631 sigo.
983 543 1194 639 AbstInebant
1211 546 1231 608 d
1248 551 1357 614 mortis
1373 573 1471 619 voca.

248 635 626 709 ,valetudine'constitnto
638 641 746 703 mortis
757 659 836 703 cau·
885 635 963 699 boio
975 633 1125 712 unquam
1139 640 1297 700 ominoso.
1389 694 1392 701 ,

256 752 289 797 st
303 750 386 797 recte
398 734 550 810 donstur,
562 731 629 793 sola
642 730 838 812 cogitatione
914 749 939 812 4
961 721 1144 810 ¹(St‘rtottteto
1152 726 1376 810 supervixisset
1386 730 1475 821 ενα).

250 824 459 886 motttiitatis
479 832 519 883 et
536 831 619 884 sorte
637 819 790 895 humana,
807 816 838 880 d.
887 813 1007 876 Tribus
1027 815 1151 881 casibus
1171 819 1281 878 mortis
1298 839 1391 884 causa
1405 823 1473 886 do.

257 910 281 974 i.
299 928 328 974 a.
343 909 406 974 Se'd
423 900 532 977 itidem
548 910 652 973 verbis
665 909 724 971 hoc
735 907 841 971 decla·
890 906 977 966 natio
990 900 1026 973 fit
1042 907 1150 969 irrita:
1169 908 1195 967 si
1212 904 1348 971 donator
1363 912 1471 976 salvus

259 999 414 1077 santium,¹
429 1019 470 1064 ne
484 1002 564 1063 alias
575 1018 653 1078 pura
665 1011 697 1060 et
710 997 842 1074 simplex
889 995 1026 1055 evaserit
1038 1014 1050 1071 ς
1064 993 1150 1070 quod
1162 994 1211 1056 tic
1227 994 1344 1060 dicitur
1359 1018 1473 1084 super..

178 1124 183 1129 ·
243 1087 604 1156 -naberturdsnartmsi
614 1087 703 1148 Titio
716 1099 842 1147 centum
891 1081 1026 1143 viserit:
1046 1086 1072 1145 si
1088 1082 1270 1146 donationis
1284 1105 1359 1150 eum
1372 1093 1474 1166 poeni·

257 1177 682 1257 domveropraestancapost
700 1189 842 1252 mortem,
891 1172 1005 1232 tueritt
1020 1174 1046 1233 si
1062 1174 1229 1235 donatario
1254 1182 1475 1259 supervixerit,

258 1266 392 1331 donatio
404 1260 586 1335 interritos
600 1279 665 1330 est:
679 1283 751 1328 naut
766 1281 844 1326 tem·
891 1256 914 1319 i.
937 1262 986 1321 16.
1003 1258 1035 1325 d.
1050 1258 1071 1326 i.
1088 1279 1141 1341 29.
1156 1278 1186 1323 et
1205 1281 1268 1347 seq.
1282 1264 1424 1352 eod.(1).
1438 1270 1474 1334 Si

251 1374 322 1436 ·pns
335 1355 492 1440 adjectum
507 1353 691 1418 differendae
707 1355 844 1416 solutio·
892 1350 999 1411 salvus
1012 1353 1167 1428 evaserit,
1188 1355 1233 1415 si'c
1250 1357 1372 1433 accipe,
1394 1358 1474 1423 licet

250 1448 312 1507 mis
334 1466 430 1512 causa
452 1447 493 1510 ad
514 1446 721 1521 substantiam
739 1442 845 1504 dona·
883 1436 1076 1503 donatarius
1087 1440 1193 1503 adhuc
1205 1445 1305 1507 vivet.
1317 1444 1350 1506 Si
1361 1465 1474 1525 super·

259 1537 359 1597 tionis
391 1555 454 1596 non
482 1538 628 1612 pertinet.
658 1531 753 1596 Unde
781 1533 845 1613 legi
893 1528 1190 1592 viteritdonatatio
1209 1532 1276 1611 sic,
1298 1536 1356 1595 etsi
1384 1538 1475 1613 peri-

251 1621 844 1687 .Fuicidiaeineadonationelocusnon
891 1618 1001 1678 cuium
1018 1618 1125 1682 adhuc
1140 1618 1255 1698 duret,
1272 1619 1365 1702 cnjus
1389 1643 1472 1687 con-

261 1713 321 1770 etit
334 1711 420 1772 Add.
434 1710 567 1772 Fachin.
582 1727 610 1789 5.
618 1720 694 1769 cont.
705 1704 842 1770 sa.Non
892 1707 1094 1782 templatione
1109 1707 1239 1771 donatio
1264 1710 1358 1775 iacta.
1374 1714 1474 1779 Plane

260 1798 363 1860 sotum
391 1811 498 1873 sutem
523 1816 587 1860 suse
615 1798 721 1858 mortis
746 1815 842 1860 causa
892 1793 919 1853 si
934 1798 1005 1868 quis
1020 1814 1120 1859 sanus
1138 1814 1169 1859 et
1189 1798 1294 1860 valens
1309 1816 1398 1862 extra
1417 1822 1474 1866 stt·

260 1884 381 1950 donate
394 1889 465 1963 quis
479 1900 598 1965 potest,
611 1884 774 1949 sedetiam
790 1886 843 1947 al·
891 1884 1064 1958 tpicionem
1090 1883 1224 1966 aiicujus
1242 1889 1372 1967 periculi
1401 1893 1473 1954 soie

261 1979 378 2053 tetius,
395 1996 471 2057 puta
488 1974 564 2055 filii,
579 1976 703 2060 fratris,
718 1977 842 2038 sororis.
892 1975 1085 2053 cogitatione
1094 1977 1473 2061 mortaiitatiscomtttotus

259 2063 284 2128 Ι.
304 2070 355 2135 18.
371 2067 425 2135 doc
436 2067 489 2131 tit.
504 2064 541 2131 de
554 2078 642 2127 mort.
655 2084 737 2127 cour.
749 2062 819 2126 don.
888 2058 1077 2140 donaverim
1097 2083 1163 2126 non
1183 2084 1261 2144 puto
1279 2068 1401 2130 irritam
1416 2066 1473 2132 fie-

308 2175 326 2217 α
374 2155 488 2241 (Quom
499 2154 569 2238 quis
582 2155 628 2215 ita
643 2151 757 2235 donat).
770 2153 842 2217 Du·
889 2149 918 2210 ti
934 2150 1163 2228 donationem,
1185 2156 1210 2215 si
1234 2155 1317 2241 forte
1336 2157 1472 2221 donator

259 2243 385 2322 pliciter
422 2257 530 2304 autem
561 2244 633 2316 quis
662 2243 707 2303 sic
730 2240 841 2320 donat,
888 2239 1034 2302 morbum
1058 2239 1183 2305 aliudve
1207 2246 1405 2322 periculum,
1432 2248 1469 2309 in

259 2332 312 2389 vel
329 2345 363 2390 ut
380 2332 484 2392 statim
498 2347 561 2389 tem
575 2329 839 2407 iacirtaccipien·
884 2324 976 2400 quod
1004 2346 1111 2407 postea
1151 2326 1283 2407 incidit,
1319 2338 1472 2397 evaserit:

258 2416 321 2494 tis,
350 2420 401 2479 vei
426 2437 461 2481 nt
489 2430 565 2480 tunc
591 2417 736 2495 demum,
764 2436 837 2481 cum
886 2432 962 2477 nam
989 2418 1193 2485 nihilominus
1210 2439 1307 2485 cause
1320 2420 1471 2487 donandi

257 2523 341 2589 mors
357 2506 450 2570 fuerit
466 2510 626 2591 insecuta,
641 2505 672 2570 d.
686 2504 708 2567 1.
730 2523 759 2568 s.
771 2505 836 2570 eod.
891 2520 1008 2570 menet.
1140 2562 1143 2568 .

257 2586 430 2659 Posteriore
455 2614 529 2659 casu
559 2594 599 2658 ad
626 2596 835 2661 revocandam
932 2612 957 2672 ς’
996 2592 1075 2682 (Ad
1099 2599 1265 2687 exemplum
1294 2599 1465 2685 legatorum

253 2680 455 2749 donationem
468 2686 616 2764 competit
628 2684 772 2746 donatori
785 2685 834 2747 di·
884 2682 1014 2747 redacta
1046 2703 1119 2751 sont
1139 2705 1198 2771 per
1225 2690 1355 2774 omnia).
1381 2690 1465 2753 Fere

253 2786 337 2835 recta
352 2778 384 2835 in
401 2780 462 2836 iem
476 2778 660 2850 actio,site
674 2777 834 2852 pceniten-
881 2774 1001 2836 scincet
1023 2798 1032 2838 s
1057 2796 1154 2853 quam
1182 2781 1369 2858 particulam
1394 2798 1466 2845 mox

253 2852 298 2923 m
314 2862 646 2926 ductusdonationetn
661 2862 834 2945 infringere
882 2863 978 2923 etiam
991 2865 1057 2943 ipse
1068 2867 1242 2947 exprimit,
1255 2888 1329 2932 cum
1344 2871 1466 2931 consti«

253 2954 346 3026 telis,
363 2956 428 3016 sive
451 2956 642 3031 periculum,
661 2950 747 3027 quod
763 2971 833 3015 me-
881 2953 1014 3015 tutionis
1029 2956 1188 3034 meminit,
1206 2974 1278 3032 qua·
1294 2957 1362 3020 haec
1377 2976 1462 3023 exae·

251 3044 383 3123 tuebar,
397 3044 542 3124 evaserit,
557 3039 578 3105 Ι.
596 3059 648 3119 29.
663 3038 727 3127 eod.
743 3042 833 3103 Prio-
881 3042 990 3112 quatio
1006 3041 1088 3104 facta
1108 3061 1165 3106 est.
1181 3046 1339 3128 inteiligit
1358 3059 1462 3108 autem

252 3146 288 3189 re
300 3130 529 3193 condictionem
545 3127 683 3206 habet,'1.
695 3147 745 3207 35.
758 3129 786 3212 ς.
801 3150 832 3209 3,
880 3123 905 3191 Ι.
930 3125 987 3188 ult.
1010 3128 1046 3190 C.
1068 3128 1123 3190 Itos
1138 3133 1190 3195 tit.
1207 3131 1245 3193 de
1267 3147 1357 3196 mort.
1379 3142 1462 3196 caut.

254 3219 316 3287 rod.
333 3222 425 3283 habet
436 3234 467 3283 et
480 3222 589 3284 utilem
603 3221 635 3299 in
649 3235 711 3280 rem
724 3218 833 3282 sdver-
881 3211 949 3276 dost.
967 3235 1029 3289 qua
1053 3217 1183 3293 quidem
1203 3221 1286 3288 hanc
1313 3223 1463 3285 donatio·

135 3328 141 3342 =
196 3319 203 3385 j
254 3305 831 3386 susqtsosvispossessotes,i.3o.eod.
881 3321 954 3382 nem
970 3306 1009 3368 ad
1024 3308 1263 3373 similitudinem
1287 3312 1463 3394 legatorum

251 3391 607 3472 sublatoquepericnio,
623 3413 677 3458 aut
690 3398 833 3474 premot-
880 3402 1025 3458 revocat:
1040 3410 1188 3469 caeterom
1202 3418 1266 3462 non
1279 3401 1461 3478 simpliciter

251 3490 308 3539 tuo
326 3499 365 3541 eo
380 3485 433 3543 cui
450 3482 602 3546 donatum
617 3499 679 3560 est,
691 3486 830 3548 fortassis
878 3488 914 3541 et
929 3487 1119 3566 pet-omnia,
1136 3486 1189 3548 sed
1216 3492 1351 3552 maxime
1365 3491 1459 3551 tatio·

251 3569 345 3630 etiam
357 3574 394 3629 in
412 3588 476 3632 retn
488 3570 653 3646 directam,
667 3576 756 3646 quasi
769 3574 829 3636 do·
878 3572 1126 3637 neeffectorttm.
1142 3575 1180 3636 ln
1202 3580 1272 3639 aliis
1294 3596 1372 3639 vero
1396 3595 1461 3639 ma·

249 3662 379 3721 natione
391 3657 534 3739 ipsoj'ure
545 3658 731 3735 resoluta,d.
743 3650 829 3742 Lep,
875 3676 939 3740 gne
957 3662 1064 3725 adhuc
1085 3663 1308 3728 dissimilitudo
1332 3679 1379 3725 est
1394 3688 1403 3725 ε
1421 3665 1462 3728 de

249 3747 324 3813 edd.
341 3745 463 3813 Gomez
479 3765 508 3810 a.
528 3746 615 3806 νηοὶ.
629 3764 660 3823 4
874 3764 941 3823 quo
957 3749 1159 3829 habebimus,
1179 3752 1261 3827 quod
1282 3768 1367 3812 certo
1390 3769 1461 3816 sta·

272 3842 304 3916 '3
342 3837 394 3924 (Si
405 3838 481 3923 quid
491 3831 689 3918 humanitus).
702 3832 734 3898 Si
747 3840 829 3915 quid
874 3851 1029 3917 mantus,
1061 3844 1088 3903 si
1113 3861 1162 3904 res
1185 3844 1247 3903 haec
1272 3839 1462 3905 inductione

248 3923 472 4006 humanumd.
489 3932 541 3991 26.
546 3944 598 4010 pr.
612 3926 712 4010 depos.
727 3925 827 3989 Veted
872 3927 1039 4003 utriusque
1053 3924 1395 4011 generisetempiotum
1408 3928 1460 3992 de·

245 4027 294 4073 ies
319 4021 432 4081 ominis
453 4024 549 4081 causa
577 4019 623 4083 s'ic
643 4013 825 4094 loqueban-
872 4016 1022 4084 claretur.
1041 4016 1221 4115 Similitudo
1236 4015 1331 4101 hujus
1353 4017 1456 4086 done-⁴

285 4182 345 4279 (ν)
364 4168 463 4258 ·'D.'i.
478 4168 644 4295 i¹·'3³'·„⁴i·
662 4190 700 4267 Ρ.
719 4212 748 4279 ς.
768 4244 775 4257 ,
