3228 4768
477 3 510 18 ,Γ

217 184 220 190 -
285 146 292 216 l

463 261 526 354 De
543 250 733 378 pupillari
749 277 1034 362 substitutione.
1252 291 1326 378 477
1410 342 1413 351 r

141 411 296 498 puberim
317 418 358 481 ab
379 417 527 487 intestato
546 417 582 482 lit
604 423 723 484 mentio
770 420 793 486 i.
812 442 862 486 ro.
881 423 935 488 luc
957 427 1007 491 tir.
1032 421 1084 490 Ad
1106 436 1201 501 quem
1220 414 1351 483 modum

77 514 83 525 '
142 511 178 571 in
192 509 214 575 Ι.
232 529 263 590 9.
281 506 318 568 de
331 507 393 571 reb.
407 507 477 572 tub.
492 509 632 594 aliisque.
686 516 691 524 '
771 513 913 595 vulgatis
948 515 1131 581 substitutio
1166 529 1230 577 uon
1264 520 1348 569 tecte

191 619 207 676 3
255 593 337 684 (Jus
354 596 562 682 legitimarum
586 594 722 662 heredi·
769 604 1010 684 conciperetur:
1027 622 1099 668 uam
1115 602 1182 667 haec
1201 596 1351 664 formula:

76 768 81 772 Δ
141 685 264 771 tatum).
280 687 446 750 Nemeum
462 689 582 751 caeteris
595 706 652 751 nec
665 707 721 766 pa·
771 688 923 774 Quisquis
936 693 1011 756 mihi
1025 691 1122 755 ireres
1136 709 1194 751 uuu
1212 685 1275 751 erit
1291 698 1355 746 etr.

140 789 188 837 ter
203 791 423 839 testamentum
440 776 569 853 fecerit,
586 778 723 856 rrecipsi
770 781 806 841 in
821 779 985 847 infinitum
1001 778 1200 863 producitur.
1212 774 1291 837 Nun
1305 786 1353 835 est

140 864 202 926 sibi
216 868 249 926 in
265 876 356 926 aetate
370 865 521 943 pupillari
533 863 636 926 iacere
651 883 723 944 pos·
771 886 847 932 vero
860 871 970 934 eadem
982 873 1032 934 vis
1047 865 1203 951 generalis
1222 877 1255 924 et
1276 879 1353 939 spe-

65 978 69 988 '
138 954 219 1028 ⁸3⁰1,
245 954 418 1016 necessatio
441 954 564 1031 evenit,
585 969 621 1016 ut
638 971 723 1031 prae·
771 959 860 1022 cialis
871 959 1113 1033 substitutionis,
1125 961 1353 1019 urmoxosten·

139 1042 343 1117 morientium
367 1040 501 1103 fratrum
524 1040 723 1119 impuberum
771 1043 899 1126 demus,
922 1069 996 1114 cum
1021 1044 1151 1129 cognita
1178 1038 1269 1105 nobis
1293 1038 1353 1099 erit

66 1142 70 1153 ‘
139 1128 340 1192 haeredirates
356 1130 478 1212 exlege
493 1128 660 1193 xlluab.
680 1129 723 1194 ad
771 1153 907 1214 potestas
921 1137 1073 1205 clausulae
1092 1129 1271 1214 generalis,
1286 1126 1354 1190 sive

137 1220 322 1296 superstites
348 1219 556 1295 perveniant:
586 1233 724 1292 qustum
772 1221 887 1292 horum
904 1227 1091 1290 verborum:
1108 1217 1260 1303 Quisquis
1277 1212 1355 1278 mihi

137 1307 267 1369 tandem
290 1309 431 1369 omnium
454 1305 537 1368 bona
557 1308 591 1366 in
617 1309 723 1371 ultimi
772 1310 868 1376 heres
889 1316 950 1377 erit
979 1332 1036 1375 erc.
1060 1330 1157 1390 quam
1181 1307 1281 1375 solam
1304 1301 1354 1367 iris
1404 1332 1407 1337 ·

138 1395 285 1459 defuncti
310 1393 490 1458 hereditate
505 1406 628 1471 reperta
641 1393 724 1459 sub·
771 1404 908 1482 explicat
923 1401 1146 1480 justinianus

138 1486 272 1550 stitutus
287 1481 353 1566 ejus
366 1497 588 1560 consequetur.
812 1510 829 1553 α
871 1488 949 1577 (Qui
964 1509 994 1553 er
1009 1489 1121 1573 scripti
1131 1498 1201 1549 suut
1213 1479 1356 1568 murder,

713 1586 717 1593 ’
775 1591 806 1638 er
820 1583 1006 1658 extiterunt,
1034 1593 1064 1639 er
1078 1593 1137 1661 pro
1160 1593 1219 1658 qua
1237 1568 1355 1659 purte).

326 1693 541 1756 TEXTUs,
774 1666 975 1732 Paucissimis
987 1669 1091 1731 verbis
1105 1664 1357 1753 triplicitercom·

602 1756 606 1762 '
774 1757 1099 1834 prehenditeffectum
1115 1754 1229 1818 horum
1241 1748 1356 1815 verbo·

130 1848 197 1925 De
229 1850 475 1923 substitutione
508 1849 725 1942 nominati-m,
775 1841 867 1906 rurn'r
890 1844 1039 1928 Quisquis
1060 1842 1137 1903 nihi
1163 1842 1259 1903 tures
1281 1847 1356 1906 erit.

61 2020 67 2039 ,
133 1956 162 1969 ”
217 1972 279 2025 aut
305 1955 515 2048 generaliter
539 1950 647 2022 facta,
773 1930 898 1995 Primus
912 1933 964 1995 laic
983 1950 1050 1997 est:
1071 1927 1158 2005 quod
1179 1927 1229 1989 his
1250 1929 1357 1991 verbis

774 2023 879 2082 vocati
894 2021 1114 2102 intelligantur
1133 2016 1185 2078 illi
1202 2016 1284 2095 soii,
1298 2018 1355 2089 qut

186 2126 210 2188 7
256 2103 466 2169 substituitur
489 2118 590 2167 tutem
619 2102 726 2187 iupu-
774 2106 1119 2173 lraeredestrominutim
1135 2106 1243 2182 scripti
1269 2117 1354 2183 sunt,

133 2192 226 2279 beri,
242 2211 296 2257 aut
314 2194 509 2272 nominatim,
530 2191 646 2253 ueluti:
661 2193 726 2254 Ti·
774 2215 839 2259 non
855 2199 934 2274 aiii,
953 2203 1009 2273 qui
1029 2197 1111 2259 forte
1125 2211 1180 2273 per
1199 2211 1273 2269 eos,
1296 2196 1353 2268 qui

55 2364 57 2370 Ι
135 2287 208 2348 tius
226 2283 322 2346 haeres
342 2301 429 2346 esto:
454 2294 506 2343 aut
525 2280 725 2365 generaliter,
748 2280 750 2287 ’
772 2288 881 2366 scripti
900 2303 988 2364 sunt,
1011 2284 1150 2351 haeredes
1169 2284 1352 2347 extiterunt.
1390 2284 1396 2293 ’

129 2386 193 2437 ute
210 2355 373 2454 Quisquis.
383 2370 461 2433 mihi
478 2368 576 2432 haeres
590 2373 649 2431 erit
661 2364 723 2455 (ι).
772 2374 884 2452 traque
900 2396 958 2439 nec
974 2368 1136 2453 dominus,
1152 2375 1208 2451 qui
1222 2391 1276 2450 per
1288 2389 1354 2435 ser.

130 2458 264 2542 Quibus
277 2458 402 2523 uerbis,
416 2472 563 2518 vocantur
583 2477 621 2518 err
645 2455 723 2519 sub-
771 2478 862 2541 vum,
889 2483 946 2529 nec
974 2479 1078 2544 patet,
1098 2465 1156 2540 qui
1174 2481 1228 2541 pet
1242 2459 1354 2525 filium

128 2548 320 2625 stitutione,
333 2543 488 2630 impubere
512 2558 627 2608 mortua
643 2544 722 2625 filiu,
772 2550 871 2616 haeres
886 2556 1009 2637 extitit,
1025 2571 1063 2617 ert
1079 2553 1138 2616 hac
1153 2551 1294 2615 clausula
1310 2549 1352 2611 ad

127 2638 204 2716 illi,
231 2636 284 2720 qui
305 2649 335 2696 et
356 2633 557 2718 scriptitant
578 2631 723 2713 heredes,
772 2637 1355 2721 haereditatemimpuberisadmitritut:
1401 2652 1404 2659 '

124 2742 160 2791 et
192 2726 390 2802 extiterunt,
416 2738 445 2783 et
469 2737 528 2805 pro
548 2741 608 2807 qua
629 2736 723 2808 parte
771 2734 892 2811 quippe
903 2727 1020 2807 quibus
1034 2751 1097 2794 non
1107 2727 1231 2810 judicio
1241 2726 1355 2789 deiun-

125 2808 276 2886 teratu
287 2810 375 2893 furti
393 2825 477 2875 suut.
773 2821 832 2897 cri,
847 2819 902 2883 sed
919 2822 952 2883 vi
972 2821 1132 2900 potestatis
1153 2818 1204 2881 vel
1218 2816 1354 2877 domini·
1401 2819 1404 2824 “

140 2950 143 2956 ·
772 2905 1353 2989 caevelpattlaehaereditatisobvenit,

775 2995 798 3062 i.
816 3019 845 3078 3.
859 2998 880 3060 l.
894 3001 925 3061 8.
940 3000 969 3084 §.
990 3021 1016 3062 r.
1029 2998 1092 3061 euri.
1107 2996 1289 3073 Eademque
1304 3006 1354 3055 raa

212 3081 658 3145 COMMENTARIUS·
773 3088 862 3150 tione
878 3107 935 3151 nec
953 3088 1084 3152 haeredis
1096 3088 1194 3151 haeres
1209 3085 1355 3146 admitte·

204 3195 207 3198 ’
773 3189 845 3255 tur,
862 3177 892 3239 d.
910 3178 932 3238 l.
949 3181 980 3241 8.
995 3181 1025 3256 §.
1047 3198 1074 3240 r.
1092 3180 1165 3240 licet
1185 3177 1263 3236 alias
1285 3173 1353 3238 hre-

178 3291 197 3334 1
254 3267 448 3333 Substitutio
478 3267 644 3346 pupillaris
671 3266 724 3329 vel
774 3264 857 3326 redis
885 3268 1096 3346 appellatione
1125 3268 1219 3329 etiam
1257 3262 1355 3326 haeres

125 3359 320 3440 specialiter
335 3370 368 3419 et
383 3356 567 3417 nominatim
583 3356 726 3432 concipi·
774 3351 906 3416 haeredis
926 3357 1144 3434 contineatur,
1158 3354 1180 3416 i.
1198 3355 1218 3414 6
1224 3372 1251 3430 5.
1264 3350 1286 3415 Ι.
1300 3370 1354 3431 70·

122 3464 210 3523 rur,
230 3458 308 3522 puta
325 3438 384 3507 h'oc'
400 3442 508 3505 modos
525 3441 627 3505 Filius
635 3438 725 3504 xmeur
772 3440 907 3504 deuerb.
932 3444 1016 3527 rign.
1039 3462 1097 3507 nec
1120 3446 1165 3520 is,
1181 3443 1292 3505 cui'ex
1308 3437 1352 3501 fi·
1438 3496 1444 3510 ,

121 3539 237 3601 itaerer
254 3547 330 3594 estu.
351 3530 389 3592 Si
407 3529 493 3609 filius
511 3532 646 3615 impubes
665 3531 724 3592 lie-
773 3528 990 3595 deicornmisso
1019 3531 1182 3595 hereditas
1210 3532 1353 3593 restituta

118 3621 294 3707 cesserit,
312 3618 416 3680 Titius
447 3618 542 3681 bures
562 3628 641 3682 estur
669 3620 723 3685 vel
772 3632 834 3696 est,
857 3637 893 3705 ut
917 3636 998 3684 tecte
1019 3620 1110 3685 docet
1128 3621 1170 3684 D.
1187 3620 1275 3701 vigi.
1290 3616 1351 3681 hir.
1450 3650 1460 3693 ,-

117 3702 352 3801 generaliter,
380 3709 500 3787 veluti,
519 3712 551 3770 'si
578 3707 723 3788 pluribus
771 3709 1020 3786 Carterumquod
1028 3709 1177 3783 diximus,
1187 3706 1351 3769 dominum

117 3801 318 3869 haeredibus
338 3799 509 3875 institutis,
527 3811 657 3865 testator
674 3798 722 3862 his
772 3816 835 3872 non
849 3797 985 3877 admitti,
999 3796 1031 3858 id
1042 3793 1281 3879 intelligendum
1293 3808 1352 3874 est,

116 3887 243 3960 verbis
267 3885 333 3951 filio
354 3888 542 3951 substituat:
565 3876 722 3970 ‘Quisquis
770 3888 797 3948 si
817 3887 876 3952 hoc
890 3890 958 3950 solu
980 3886 1113 3947 obtentu
1137 3882 1352 3947 haereditatem

117 3976 211 4044 mihi
238 3971 335 4035 heres
361 3975 445 4055 erit,
473 3975 554 4038 idem
575 3975 641 4054 filio
660 3995 723 4039 tneo
772 3978 885 4055 pupilli
895 3994 936 4038 ex
946 3973 1169 4038 substitutione
1181 3972 1222 4035 ad
1236 3989 1353 4048 seper·

119 4058 295 4152 impuberi
324 4059 415 4124 haerer
439 4082 521 4153 erro,
543 4064 564 4128 l.
591 4085 622 4146 3.
643 4065 666 4130 ir
692 4066 723 4130 8.
773 4067 872 4130 tinere
882 4060 1167 4149 contendat,quod
1181 4062 1278 4143 patris
1288 4060 1352 4129 iro-¹

173 4235 236 4327 (a)
285 4234 327 4305 L.
344 4236 438 4321 50tit.
455 4257 485 4322 5.
500 4239 539 4305 P.
551 4241 586 4307 6.
