3228 4768
344 220 493 322 Quibus
510 221 627 313 modis
650 238 882 302 testamenta
904 228 1158 326 infirmantur.
1220 312 1236 333 a
1257 254 1326 333 491
1371 210 1422 297 ‘ss

216 388 658 471 COMMENTAMUS?
775 367 803 443 §0
829 384 859 444 3.
886 364 923 428 de
947 382 1069 436 restam.
1102 371 1194 436 milit.
1222 373 1271 437 Ex
1294 395 1352 459 qun

196 510 198 517 .
773 456 834 517 loco
852 458 956 520 ⁴simul
981 460 1132 538 dicimus,
1158 466 1202 526 ita
1223 463 1275 545 jus
1297 483 1351 526 es·
1420 529 1435 534 ,,

146 614 151 618 ,
175 570 203 614 -ι
252 551 318 614 Hic
334 553 364 629 5.
377 552 491 614 rectius
507 552 723 616 incontinen·
771 563 821 623 se,
838 560 910 607 cnm
936 550 1089 624 quaesritur
1110 551 1150 613 de
1170 555 1351 617 institutio-

140 642 166 702 ti
180 638 337 721 subjectus
346 639 457 705 fuisset
470 642 499 719 §.
510 639 650 719 secando,
661 654 720 705 aut
770 653 811 696 ne
835 633 1020 713 haeredum,
1046 639 1226 718 legatarios*
1243 658 1349 707 autern

42 734 48 743 '
138 731 248 807 tertio,
261 742 397 808 quorum
411 732 554 793 continet
576 726 732 796 declara·
768 736 921 787 revocata*
946 727 1128 803 voluntate,
1163 734 1350 807 exceptione

140 820 269 881 tionem.
302 819 423 882 Docuit
449 816 494 885 ibi
520 818 599 896 Imp.
631 822 720 897 prius
767 813 833 876 doli
851 816 924 876 mali
941 817 1114 880 removeri:
1139 814 1179 878 de
1206 818 1292 899 cujus
1304 819 1349 881 lo-

135 918 358 971 testamentum
371 910 475 985 rumpi
488 925 542 985 per
553 911 718 985 posterius,
767 902 796 964 εἰ
811 904 969 966 sententia
992 903 1056 967 vid.
1077 906 1197 969 Anton.
1213 906 1241 970 F
1242 907 1295 970 ab.
1315 906 1351 971 ὀ.

134 996 220 1071 quod
241 995 314 1078 jure
340 997 513 1077 perlectum
540 1014 597 1059 etr.
622 997 728 1063 Unde.
765 1010 794 1055 c..
812 1013 864 1073 39.
880 1012 942 1058 err.
960 994 991 1055 8.

136 1080 197 1147 etti
213 1104 269 1165 pet
295 1104 329 1150 ae
344 1087 419 1149 satis
433 1086 646 1173 intelligitur,
661 1106 716 1151 ne·
778 1122 782 1127 -
811 1103 836 1161 3
877 1082 935 1145 His
949 1083 993 1144 ita
1008 1085 1204 1163 constitutis,
1230 1083 1345 1149 videa-

134 1192 198 1249 que
216 1174 335 1239 nudant
360 1176 541 1238 revocantis
560 1175 715 1238 volunta·
765 1189 851 1249 mus,
863 1190 903 1234 an
919 1188 983 1233 non
1001 1171 1077 1235 falsa
1090 1176 1129 1235 sit
1145 1176 1253 1251 opinio
1262 1175 1345 1237 Bat-

133 1263 253 1327 tent'ad
275 1262 521 1326 infirmationem
542 1278 715 1336 testamen·
763 1262 821 1321 toli
834 1263 868 1322 in
881 1259 903 1322 l·
926 1262 974 1321 ¹8·
988 1259 1026 1320 de
1039 1261 1135 1347 legat.
1150 1282 1179 1340 3.
1192 1265 1345 1328 aliorum·

134 1353 160 1437 ti
191 1351 361 1430 sulficere,
388 1370 491 1427 neque
524 1351 607 1422 adeo
629 1356 715 1431 priua
763 1366 826 1422 que
839 1352 894 1421 qui
906 1351 1055 1411 interesse
1067 1366 1190 1429 putant,
1203 1372 1266 1427 qua
1279 1352 1345 1415 fot·

132 1443 261 1520 rumpi,
283 1442 405 1505 etiamsi
433 1439 607 1505 secundum
643 1439 715 1505 fieri
764 1440 850 1500 mula
873 1451 1002 1500 testator
1027 1440 1060 1499 in
1087 1441 1264 1503 revocando
1292 1453 1346 1504 te·

132 1545 271 1609 coeptutn
298 1533 357 1609 sit,
372 1549 432 1593 nec
453 1528 648 1593 absolutum:
663 1533 715 1592 la·
763 1540 918 1590 stamento
937 1545 1012 1589 usus
1027 1543 1089 1605 est,
1104 1547 1208 1591 utrum
1224 1532 1364 1608 simpli.

43 1613 46 1617 ’
131 1620 198 1681 tius
226 1633 332 1685 tamen
357 1632 529 1695 utrumque
556 1620 714 1698 explicare
763 1618 841 1678 citer
862 1608 997 1679 dixerit}
1025 1613 1105 1678 Nolo
1131 1629 1344 1681 testamentum

132 1708 256 1784 voluit,
281 1725 312 1772 et
333 1709 465 1771 omnino
483 1709 582 1771 latius
603 1707 711 1774 adhuc
762 1702 784 1765 δ
807 1724 852 1766 me
867 1702 994 1783 fectum
1017 1703 1142 1769 valere:
1162 1724 1203 1768 an
1216 1726 1345 1773 causant

128 1793 152 1857 d
175 1797 271 1863 nobis
284 1796 507 1877 explicandum
521 1812 577 1860 est.
761 1791 911 1874 adjecerit
925 1807 958 1856 et
972 1792 1040 1883 hec
1055 1794 1166 1859 verba:
1183 1793 1265 1873 Quia
1277 1795 1343 1858 ocio

178 1904 196 1946 α
222 1882 354 1970 (Quod
378 1898 508 1947 testator
526 1882 561 1943 id
583 1883 714 1947 uoluerit
761 1879 906 1942 decedere
937 1880 1112 1943 intestatus.
1145 1883 1259 1960 Nam,
1283 1886 1344 1949 etsi

129 1968 269 2058 valere).
283 1972 427 2047 Siquem
439 1975 551 2051 prioris
562 1975 714 2038 volunta·
762 1969 1345 2048 simplicemrevocationentnonsuffi·

129 2062 174 2124 tis
190 2062 357 2141 poeniteat,
386 2064 537 2138 malitque
549 2080 635 2126 nunc
658 2065 713 2125 in·
761 2076 832 2120 cere
847 2058 997 2133 ¹latentur
1010 2105 1021 2139 ,
1044 2073 1205 2123 causatatn
1236 2074 1344 2124 tamen

129 2164 263 2215 testatus
284 2150 452 2228 decedere3
477 2165 586 2231 parata
609 2152 641 2214 ei
666 2164 714 2215 est
762 2148 1010 2231 valerevolunt‚
1027 2146 1120 2209 modo
1137 2147 1343 2229 lactasitco·

21 2294 27 2303 ,
126 2240 363 2318 expeditissima
379 2241 480 2317 ratio,
495 2241 714 2303 tabulasiuci-
761 2253 828 2298 rant
851 2252 972 2319 septem
991 2235 1131 2304 testibus.
1156 2237 1276 2304 Verum
1293 2242 1342 2301 ni·

126 2328 205 2405 dat,
227 2329 347 2404 deleat,
372 2331 541 2407 circuiet,
561 2330 652 2408 signa
669 2348 712 2392 re·
761 2323 809 2387 lril
824 2329 998 2410 interesse,
1023 2329 1082 2392 hac
1094 2345 1134 2388 an
1152 2328 1207 2389 illa
1222 2327 1343 2412 lotmuf

126 2417 251 2501 vellat,
277 2415 300 2477 l.
318 2436 346 2478 ι.
369 2417 398 2498 §.
417 2415 536 2499 penult.
563 2415 642 2491 unde
658 2416 712 2480 lib.
759 2414 794 2476 la
817 2428 945 2478 testator
959 2432 1086 2492 utatur,
1101 2428 1208 2494 aperte
1223 2419 1343 2480 evincit

124 2505 282 2588 majorem
300 2505 384 2567 enirn
400 2506 465 2571 vim
480 2502 563 2568 lacta
580 2503 713 2584 habent,
761 2499 794 2563 d.
809 2501 832 2565 l.
853 2506 946 2583 36.§.
963 2524 993 2583 3.
1008 2503 1208 2567 derernmt'l.
1226 2505 1267 2566 Et
1284 2525 1342 2568 ve·
1430 2537 1433 2543 ·
1471 2510 1474 2514 ’

125 2612 229 2671 quarn
256 2595 375 2667 verba,
397 2594 595 2676 integrisque
619 2593 713 2657 tabu·
761 2593 848 2653 roci
879 2592 938 2658 hoc
964 2596 1033 2674 ipso
1054 2590 1140 2669 quod
1160 2595 1231 2665 quis
1251 2607 1343 2657 testa·

123 2684 173 2748 lie
187 2684 304 2749 relictis
323 2679 407 2744 nuda
419 2683 585 2745 contrariae
598 2681 714 2744 volun·
762 2698 902 2745 mentum
931 2696 1078 2759 revocat,
1095 2682 1201 2746 ,tacite
1229 2695 1261 2743 et
1287 2700 1342 2761 pet
1365 2687 1368 2691 ’

71 2790 74 2796 ’
125 2774 208 2837 tatis
221 2772 394 2834 declaratio
407 2768 627 2836 testamentum
637 2772 714 2835 sole·
761 2769 921 2844 quandam
934 2772 1340 2847 necessariamconsequen-

121 2861 249 2925 mniter
260 2859 379 2931 lactum
390 2856 648 2936 noninfirmat,l.
659 2862 713 2938 36.
760 2859 839 2937 tiatn
851 2860 1126 2942 intelligiturvelle
1135 2858 1285 2922 decedere
1293 2860 1343 2922 in·
1369 2895 1372 2902 ·

119 2951 161 3034 ς.
189 2967 221 3028 3.
245 2946 285 3010 de
306 2961 379 3010 test.
398 2946 489 3011 milit.
510 2947 532 3013 1.
551 2967 604 3032 27.
620 2948 657 3011 0.
675 2947 713 3013 de
762 2960 903 3028 testatus,
915 2945 1340 3033 causaeillaadjecuolquip·

120 3050 253 3100 testam.
286 3036 325 3100 ln
366 3052 506 3115 tanturn,
532 3049 569 3100 ut
596 3040 712 3100 etiam·
761 3055 802 3114 pe
829 3057 979 3114 quaenon
998 3037 1147 3117 impedit,
1169 3040 1340 3119 quominuc

118 3130 151 3191 ai
171 3138 305 3189 testator
324 3145 431 3190 cotatn
449 3141 568 3205 septeni
580 3128 713 3191 testibus
761 3125 849 3187 aliud
865 3142 1083 3191 testamentum
1101 3117 1207 3204 po'stea
1221 3125 1340 3189 conda,

107 3216 264 3290 dixerit,
298 3215 384 3277 nolle
414 3233 448 3277 ae
476 3227 712 3301 testamentum,
761 3210 1026 3298 turllacerenon
1051 3228 1218 3293 potest,ut
1237 3213 1342 3295 majo-2
1376 3260 1388 3275 t
1428 3278 1430 3282 ,

47 3319 52 3329 ’
113 3303 219 3380 quod
245 3303 336 3380 fecit,
350 3301 475 3387 valere,
487 3302 590 3366 nihilo
605 3316 712 3368 tamen
761 3322 826 3365 retn
840 3307 903 3365 vitu
921 3306 1080 3368 revocatio
1097 3301 1229 3397 habeat,
1244 3323 1341 3380 quam

115 3391 326 3471 -megisillud
339 3388 524 3455 infirmetur.
536 3393 621 3454 Nam
632 3396 658 3454 si
670 3411 713 3456 ne
759 3393 788 3454 si
805 3412 901 3457 causa
921 3392 1044 3473 adjecta
1057 3411 1120 3454 non
1136 3406 1226 3455 esset.

114 3478 361 3553 tuncquidetn
376 3490 593 3543 testementuut
616 3495 711 3545 antea
805 3503 827 3559 4
871 3482 1009 3547 Unicum
1024 3479 1340 3560 supradictaediatinv

116 3570 251 3634 facturn
269 3564 466 3645 infirmatur,
483 3587 556 3632 cutn
567 3567 608 3631 ad
621 3569 710 3634 aliud
760 3570 873 3632 ctionis
886 3569 1115 3634 firmamentum
1126 3568 1268 3646 affertur,
1279 3568 1301 3630 l.
1312 3587 1340 3632 ι.

117 3655 448 3725 faciendumteetatot
462 3657 713 3743 processit,qu0d
761 3661 792 3736 §.
812 3675 883 3742 pen.
900 3660 929 3720 si
946 3650 1014 3723 tab.
1031 3674 1102 3721 test.
1125 3657 1198 3719 null.
1219 3671 1281 3717 ext.
1297 3675 1337 3718 ex

115 3757 255 3810 tanturn
265 3765 329 3808 non
339 3748 582 3823 consummavit3
590 3766 711 3828 gquan-
761 3750 884 3813 verbine
903 3747 955 3811 nel
975 3750 1045 3832 quio
1069 3746 1131 3809 alia
1147 3746 1263 3807 racione
1279 3764 1338 3804 oo-

118 3851 159 3899 to
179 3835 282 3897 tninus
306 3833 518 3898 infirmabitur
532 3837 600 3898 sola
617 3855 713 3898 tevo·
760 3837 906 3903 tantam
919 3850 1046 3899 testator
1058 3833 1207 3912 mutavit,
1221 3830 1339 3894 voluit·
1397 3878 1402 3881 γ

119 3923 259 4009 catione
279 3921 420 3991 verbali?
436 3928 545 3999 utique
566 3926 650 3987 enim
666 3925 715 3988 la·
762 3949 818 4013 que
838 3926 984 3989 intestato
1015 3921 1165 3985 decedere.
1190 3923 1251 3986 Sed
1280 3930 1340 3983 ne-

116 4026 219 4076 ctum
231 4011 382 4074 accedens
394 4014 433 4075 ad
449 4014 645 4079 voluntatem
659 4025 717 4093 pu·¹
753 4039 816 4081 -tno
826 4060 837 4095 ,
853 4018 985 4096 opinor,
1005 4026 1061 4075 tan
1076 4013 1180 4075 inians
1197 4026 1260 4088 est,
1284 4013 1341 4086 qui

119 4102 253 4163 tentius
263 4103 387 4178 operari
401 4102 496 4165 debet
507 4106 642 4182 simplici
654 4123 714 4170 vo·
763 4126 828 4168 non
837 4105 954 4179 videat,
961 4100 1283 4183 Jutisconsultuntuhi
1295 4103 1342 4164 lo·

116 4191 267 4253 luntatis
291 4187 597 4279 declaratione,·lec.
612 4191 634 4255 l.
662 4196 714 4272 36.
762 4198 820 4273 qui
831 4214 895 4260 non
906 4193 947 4256 de
958 4193 1092 4269 simplici
1107 4196 1279 4261 mutatione
1295 4208 1344 4256 vo

865 4374 878 4381 Η
938 4279 1048 4367 Qqq2
