3228 4768
454 293 528 410 De·
544 288 754 391 inofficioso
786 292 1020 374 testamento.
1133 250 1139 260 ι
1238 314 1313 395 w503

129 446 175 507 tia
201 437 346 517 quidem3
369 438 499 500 et‘iirae
530 432 708 499 emendatio
757 435 899 513 nuerint,
916 445 1135 499 testamentum
1145 430 1214 517 jure
1229 442 1341 501 rescis-

135 531 262 593 abolent
277 527 384 589 delicti
396 542 614 586 notamcoram
627 525 709 587 Deo:
757 538 825 585 sum
845 540 966 600 manet,
992 542 1118 598 remque
1140 528 1272 602 proximi
1297 526 1338 591 ab

134 634 168 681 at
185 637 249 679 non
271 619 304 677 in
323 611 416 693 hujus
436 614 541 675 saculi
562 613 709 673 tribuna·
757 614 907 675 intestato
925 611 1089 686 auferunt,
1101 611 1122 673 l.
1137 615 1167 674 6.
1185 616 1214 690 §.
1234 632 1261 674 ι.
1273 612 1338 675 eod.

137 704 241 788 libus,
256 704 277 764 l.
293 705 346 780 65.
363 701 399 760 de
409 697 492 776 surr.
509 700 531 760 1.
552 717 581 776 ς.
595 698 630 759 vi
645 696 710 760 bon.
806 701 824 760 8
871 698 953 781 Quae
965 698 1006 760 de
1017 698 1146 772 querela
1162 700 1277 777 liberis,
1291 720 1341 778 pa·

138 804 221 873 repr.
248 791 294 853 Ut
322 803 426 851 autem
456 789 556 864 turpis
582 805 711 864 persona
760 786 920 870 rentibus,
935 801 964 846 et
980 784 1126 846 iratribus
1138 785 1263 862 danda,
1279 804 1342 849 rra·

137 882 280 943 instituta
305 881 364 951 titt
386 894 451 936 non
476 888 581 936 tamen
608 877 713 935 statim
761 874 929 948 dictasunt,
944 875 1068 935 nullutn
1084 873 1159 933 olim
1181 871 1341 936 habebant
1421 952 1423 957 y

139 967 236 1028 irater
265 963 312 1024 ad·
336 965 496 1037 querelam
529 962 713 1023 admittitur.
762 961 865 1024 locum
883 965 914 1021 in
931 973 1113 1022 testamento
1135 960 1256 1036 militis,
1270 963 1337 1023 sive

139 1051 243 1138 {Quid
259 1054 341 1112 eninr
358 1054 383 1110 si
399 1052 466 1127 ipse
480 1047 588 1111 eadem
609 1050 715 1124 turpi·
760 1044 830 1128 jure
848 1051 974 1110 militati
992 1051 1057 1109 siue
1072 1051 1228 1110 communi
1245 1047 1340 1124 lacto,

140 1140 266 1213 tudine,
280 1157 342 1212 qua
358 1138 454 1199 haeres
467 1139 616 1214 scriptus,
629 1135 717 1195 labo·
765 1136 786 1194 l.
804 1153 854 1214 27.
869 1137 896 1212 §.
915 1156 943 1197 a.
961 1134 1012 1196 hoc
1032 1133 1083 1196 iit.
1101 1131 1122 1195 l.
1147 1153 1177 1213 9.
1191 1134 1212 1196 l.
1235 1153 1286 1210 aa.
1309 1135 1344 1201 C.

142 1224 204 1289 reti
219 1226 312 1286 Nihil
329 1226 379 1286 hic
395 1224 488 1285 habet
503 1223 617 1304 frater,
631 1221 718 1295 quod
765 1221 828 1282 rod.
852 1222 1034 1285 obtinebant
1057 1237 1160 1299 tamen
1187 1224 1218 1282 in
1245 1238 1346 1285 resta·

143 1312 259 1375 haeredi
277 1311 404 1391 objiciat
417 1303 428 1388 ‚'
441 1331 508 1392 arg.
524 1310 546 1372 l.
562 1308 719 1370 meum
767 1324 873 1371 mento
888 1312 1028 1373 veterani
1052 1310 1172 1369 etiamsi
1191 1309 1230 1371 de
1257 1309 1347 1373 bonis

142 1400 195 1460 eit.
212 1399 234 1462 l.
253 1419 308 1479 47.
331 1397 419 1461 roim.
442 1412 539 1459 amatr.
568 1398 721 1458 Removet
769 1399 975 1458 castrensibus
988 1396 1346 1472 fuisserconditumts.

143 1500 295 1565 praeterea
322 1485 501 1546 irattemzet
529 1481 722 1564 ingratitudo
771 1485 796 1567 §.
813 1503 841 1560 3.
854 1482 916 1548 eod.
932 1483 1131 1544 Postmodum
1147 1487 1349 1546 constitutio-

144 1591 186 1635 ex
202 1576 302 1635 tribus
313 1577 416 1634 causis
426 1575 576 1649 expressis
588 1590 654 1633 nov.
670 1570 722 1632 a'a.
771 1591 812 1631 ne
826 1571 1016 1650 Justiniani‚
1029 1588 1099 1644 quae
1111 1582 1194 1631 extat
1207 1573 1240 1631 in
1254 1571 1274 1632 l.
1289 1571 1348 1640 ult.

116 1710 129 1726 ,
147 1676 215 1742 rap.
231 1674 284 1741 47.
307 1656 375 1746 (tlt
390 1677 504 1733 easque
528 1668 636 1722 causas
661 1677 723 1735 op·
773 1657 808 1718 0.
831 1656 894 1718 eod.
916 1658 1061 1721 effectum
1089 1672 1156 1732 est,
1183 1674 1219 1722 ut
1242 1663 1360 1729 omnia,

149 1750 225 1825 porti
241 1749 281 1811 ab
299 1746 421 1810 haerede
436 1762 467 1808 et
484 1746 608 1825 probati
629 1742 726 1807 suiii-
773 1759 955 1806 testamenta
972 1743 1175 1807 de'casttensi
1196 1764 1252 1808 seu
1266 1754 1349 1822 quass-

148 1837 214 1909 cit,
242 1836 362 1897 etiamsi
386 1835 405 1895 d
427 1847 574 1895 testatore
597 1832 726 1911 objecta
774 1836 799 1892 si
811 1835 960 1894 castrensi
971 1832 1095 1907 peculio
1108 1834 1351 1908 conditasque-

120 1907 127 1923 ³
149 1939 215 1982 non
231 1920 359 1982 fuerint.
375 1921 470 1982 Nihil
485 1923 572 1979 enim
584 1918 648 1997 juri
667 1936 727 1979 ve·
770 1920 839 1979 tela
861 1933 961 1980 essent
986 1921 1155 1995 immunia,
1180 1918 1279 1985 donet
1300 1936 1351 1982 te-

148 2008 336 2071 teriinhoc
359 2006 544 2086 derogatum
565 2001 727 2087 esr‚Gu-
776 2019 891 2068 stantes
918 2009 951 2066 in
982 2008 1075 2066 sacris
1103 2007 1169 2068 sive
1200 2021 1352 2085 potestate

151 2094 251 2155 delin.
267 2092 303 2153 de
313 2098 378 2172 jur.
391 2113 460 2153 nov.
477 2092 530 2153 lib.
547 2110 577 2153 a.
590 2108 656 2173 cap.
674 2093 705 2152 8.
777 2111 940 2171 parentum
953 2094 1114 2154 constituti
1127 2109 1246 2172 essent3
1261 2095 1353 2158 aliter

185 2199 205 2260 7
241 2177 508 2265 (Ultrafrotrer'et
521 2173 728 2262 sororcula).
777 2183 885 2259 enim,
913 2182 1029 2259 peculii
1052 2183 1177 2243 nomine
1203 2199 1354 2261 cessante,

150 2266 331 2347 Cognatot,
344 2269 484 2341 quisunt
494 2267 576 2328 ultra
591 2266 730 2341 fratrem,
778 2272 936 2343 querelam
969 2269 1168 2349 sustinerent.
1196 2270 1354 2335 Caeterum

154 2353 312 2439 Ulpianus
325 2357 358 2416 'rit
369 2353 390 2416 i.
407 2372 434 2416 1.
448 2352 500 2414 hor
512 2354 563 2414 rit.
577 2353 731 2428 hortatur,
779 2359 947 2419 novissime
958 2354 1156 2434 Justinianus
1170 2358 1233 2433 ipse
1247 2377 1357 2432 quere·

153 2440 243 2503 mese
258 2443 432 2518 sumptibus
446 2441 594 2500 inanibus
607 2452 733 2517 vexent,
781 2445 819 2505 1ae
839 2443 1003 2523 subjecisse
1027 2441 1151 2503 videtur
1167 2442 1232 2505 hac
1248 2445 1356 2506 eadem

71 2536 75 2545 '
155 2546 195 2589 eo
208 2526 294 2600 quod
307 2531 340 2588 in
356 2528 411 2588 lire
426 2524 464 2588 de
478 2523 654 2588 inofficioso
670 2527 730 2588 ob·
781 2529 821 2591 de
844 2531 975 2607 peculiis
996 2541 1176 2590 testamenta
1196 2550 1264 2591 nov.
1285 2551 1357 2606 ¹¹5·

157 2616 260 2678 tinere
274 2632 360 2692 opem
375 2632 439 2677 non
455 2614 590 2676 habeant
605 2610 664 2699 (a).
684 2613 732 2675 Ex
781 2632 847 2698 rap.
865 2636 896 2693 4.
911 2617 943 2675 in
954 2615 1054 2697 princ.
1071 2629 1106 2676 ut
1120 2615 1213 2678 verba
1231 2618 1303 2682 illa:
1318 2617 1357 2677 In

157 2720 224 2776 quo
239 2702 458 2780 explicandum
476 2718 541 2777 est,
565 2702 650 2775 quod
667 2700 732 2779 Ju-
781 2703 888 2788 quibus
909 2703 1017 2764 liabent
1038 2703 1173 2762 restandi
1197 2702 1357 2782 licentiam,

158 2791 315 2851 urinianus
333 2788 383 2851 hir
396 2790 578 2865 simpliciter
596 2791 656 2866 ait,
680 2806 733 2850 eos
781 2791 960 2854 ostendunt.
979 2788 1061 2852 Vide
1084 2789 1181 2852 Retes
1204 2790 1257 2852 lib.
1277 2812 1304 2868 5.
1318 2813 1356 2851 o·

159 2877 250 2937 nullo
281 2877 374 2937 modo
408 2893 507 2956 agere
535 2893 645 2952 posse,
677 2888 733 2938 aut
778 2878 897 2963 putrui.
914 2893 980 2958 cap.
1003 2898 1031 2955 3.
1047 2897 1078 2941 n.
1100 2896 1149 2960 19.v
1167 2891 1195 2936 er
1210 2884 1272 2962 sa‘q.
1288 2878 1358 2942 Cu-

159 2979 290 3040 agentes
303 2965 451 3025 vincere:
468 2967 539 3023 item
556 2961 642 3036 quod
655 2963 733 3024 Dio·
780 2966 840 3046 jac.
856 2970 889 3028 in
904 2966 933 3027 d.
950 2964 970 3026 l.
985 2966 1014 3027 8.
1024 2965 1056 3040 '§.
1071 2984 1102 3042 3.
1115 2964 1146 3025 in
1154 2963 1224 3042 fine.

158 3051 269 3112 clet.et
279 3049 410 3113 Maxim.
422 3050 593 3113 rescribunt
605 3051 638 3115 in
649 3049 671 3113 l.
683 3068 733 3111 21.

160 3132 195 3195 C.
214 3134 277 3197 eod.
299 3142 453 3200 neminem
476 3154 600 3213 eurum,
627 3139 735 3211 quiex
946 3166 1059 3223 TEX
1075 3167 1100 3223 Τ
1116 3166 1144 3224 U
1161 3166 1194 3224 s·

158 3235 333 3286 transversa
360 3228 443 3286 linea
466 3227 620 3300 veniunt,
640 3236 735 3287 exce-

160 3313 222 3387 ptis
235 3311 329 3372 srarre
341 3327 371 3373 et
386 3328 507 3387 sorore,
521 3312 559 3372 ad
577 3309 734 3372 inofficio-
810 3320 882 3407 Qui
914 3319 982 3386 alio
1005 3319 1082 3409 jure
1107 3322 1271 3410 veniunt,
1288 3323 1332 3392 de

160 3397 192 3455 si
219 3399 378 3470 querelam
409 3396 552 3461 admitti:
588 3401 735 3464 nimirum
861 3417 1056 3493 inofficioso
1077 3434 1277 3513 nonagum,
1361 3438 1372 3447 “

159 3501 225 3544 non
247 3486 289 3544 ita
314 3485 435 3546 admitti
457 3498 492 3546 ut
513 3502 641 3565 agentes
664 3486 736 3547 vin·
896 3518 898 3523 ·

158 3587 252 3645 cere,
277 3589 398 3645 sxuoque
421 3570 491 3650 jure
517 3586 736 3635 testamentum
831 3594 847 3636 a
895 3572 970 3633 Tam
991 3587 1088 3633 aorem
1103 3573 1258 3634 naturales
1280 3571 1359 3634 libe-

159 3674 300 3720 evertere
327 3662 464 3736 possint,
479 3661 505 3719 si
521 3662 662 3736 exceptio
687 3663 735 3737 iis,
761 3668 762 3671 ’
784 3661 815 3723 ri
827 3708 836 3738 ,
862 3674 949 3742 quam
976 3659 1135 3720 secundum
1158 3675 1266 3721 nostra
1288 3682 1360 3721 cou-

157 3743 325 3823 objiciatur
344 3766 408 3806 non
431 3750 633 3822 competentis
653 3765 736 3820 que·
785 3748 955 3809 stitutionis
994 3748 1171 3806 divisionem
1212 3747 1363 3830 adoptati,

158 3834 242 3893 relae.
267 3836 362 3896 Plane
385 3835 469 3895 enirn
496 3836 522 3893 si
549 3836 690 3915 egerint,
706 3849 738 3894 et
787 3837 831 3896 ita
844 3837 958 3894 demum
975 3835 1010 3893 de
1025 3831 1187 3909 inofficioso
1202 3848 1364 3895 testamen-

158 3921 285 3982 nemine
298 3921 377 3987 forte
393 3937 446 3983 eos
466 3921 635 3999 repellente
651 3920 739 3983 obti-
788 3936 819 3985 to
834 3942 925 4007 agere
934 3935 1080 4003 possunt,
1093 3920 1121 3979 si
1133 3921 1213 3981 uuila
1227 3923 1285 3984 aiio
1293 3927 1364 4003 jure

160 4088 257 4242 P,(t)
302 4080 739 4177 D.'l.ta.tir.'7.P.6.oert.
833 4093 883 4182 (a)
927 4093 1006 4157 121.
1023 4095 1207 4163 a.tit.8.P.
1224 4097 1364 4176 milesio.

186 4198 252 4244 ero.
665 4228 669 4237 .
