3206 4740
270 230 344 335 360
671 227 783 315 zib.
801 223 862 300 H.
892 221 926 297 Τ
924 225 973 301 lt.
998 219 1046 300 V
1042 220 1078 299 I.

186 412 190 425 ι
244 374 366 437 venerit
373 369 423 450 ,L
442 388 468 436 ι.
485 364 520 432 C.
541 367 571 432 si
585 363 659 431 ado.
676 368 730 431 sol.
745 367 766 431 1.
798 388 829 434 a.
878 356 912 428 se
935 363 1019 429 dorni
1040 362 1181 444 pupillus
1198 361 1315 430 habeat
1326 411 1337 445 ,
1352 369 1468 436 iterum

243 461 281 530 C.
295 461 324 523 si
335 475 392 523 rut.
405 456 456 520 vel
466 479 519 521 cvr
531 458 589 520 ins.
598 455 658 544 (ri
670 457 746 521 Vid.
760 454 830 520 Go·
878 468 1035 534 petentem
1049 473 1121 518 eum
1135 453 1205 542 doli
1223 457 1298 518 mali
1313 462 1469 538 exceptio·

242 568 311 612 mea
331 569 362 611 2.
381 546 471 610 recol.
493 547 828 633 14.rr.4.Encipiun·
877 563 920 606 ne
932 542 1054 605 debitor
1075 544 1275 622 removebit,
1297 547 1386 620 quod
1404 550 1466 610 ini-

243 635 776 701 tutredditusannuietcaeterarum
785 654 829 698 te·
876 650 974 715 quum
988 649 1097 696 contra
1110 632 1329 697 bonamlidem
1343 638 1471 702 lucrum

241 745 314 789 rum
327 727 507 809 pensiones,
519 744 591 801 quae
600 725 771 787 minoribus
782 741 830 787 tu·
876 734 998 800 captet,
1012 719 1035 782 Ι.
1046 739 1066 783 Ιι
1076 738 1104 801 5.
1121 718 1158 781 de
1168 720 1222 785 sol.
1236 719 1262 795 l.¹
1278 742 1329 804 37.
1344 722 1380 784 de
1396 725 1480 789 dim·

236 831 310 878 tore
322 829 378 878 aut
391 828 536 876 curatore
546 827 759 892 auctore,aut
770 815 829 891 ipsi
878 828 947 893 reg.
969 812 1035 892 jur.
1059 809 1243 884 Eodemque
1266 811 1360 874 modo
1387 833 1468 877 con·

248 905 347 966 tutori
366 903 545 966 curatorive
563 905 658 965 etiam
680 904 748 964 sine
768 901 831 982 Ju·
850 926 854 931 Δ
878 900 1013 977 sumptis
1034 899 1170 961 nummis
1184 944 1193 976 ,
1208 901 1235 961 si
1261 901 1366 965 echis
1380 904 1469 967 locu·

243 990 317 1056 dice
339 1006 411 1054 tuto
425 992 615 1069 solvuntur,
631 991 652 1052 l.
671 1007 723 1067 ις.
739 989 775 1052 0.
793 989 832 1071 de
879 988 994 1065 pletiot
1021 986 1123 1051 factus
1135 990 1260 1052 iterum
1276 1007 1385 1069 petat,
1415 1012 1472 1055 ex·

243 1078 422 1146 adminisrr.
436 1092 496 1145 tut.
508 1077 670 1155 Siquidem
683 1094 714 1141 et
728 1081 830 1143 mole·
877 1078 1025 1153 ceptione
1057 1076 1251 1163 repelletur,
1277 1098 1318 1142 ne
1348 1079 1479 1145 ditetur·

243 1183 327 1232 stum
343 1181 443 1245 esset,
467 1171 638 1244 quotannis
656 1167 831 1249 aditeJJu·
879 1166 1086 1228 cum-alieno
1117 1165 1332 1247 detrimento,
1358 1184 1471 1233 contra

245 1257 372 1335 dicem,
394 1272 425 1319 et
442 1256 682 1321 incommodum
705 1259 831 1338 minori,
879 1272 977 1328 quam
993 1270 1106 1318 natura
1129 1274 1253 1330 aequum
1282 1268 1351 1342 est,
1372 1256 1393 1320 1.
1410 1277 1477 1340 47.-

244 1344 301 1410 diu
327 1345 447 1409 differri
470 1348 659 1410 solutionem
681 1344 748 1428 ejus
772 1349 858 1427 rei,'¹
881 1339 919 1402 de
932 1342 1022 1405 solut.
1045 1342 1068 1406 l.
1086 1362 1136 1422 14.
1152 1344 1191 1404 ds
1209 1344 1293 1407 cond.
1309 1344 1373 1407 ind.
1388 1345 1470 1429 Qua

243 1434 332 1498 unde
356 1435 422 1498 iere
437 1438 481 1498 ali
497 1438 587 1499 solet.
603 1433 700 1518 Quod
716 1448 833 1517 tamen,
881 1429 924 1493 de
943 1450 1039 1495 causa
1061 1451 1101 1495 ex
1116 1436 1261 1498 omnibus
1274 1454 1346 1499 eum
1363 1455 1470 1518 nego·

243 1537 277 1587 et
298 1527 400 1602 ipsum
427 1527 472 1588 sic
497 1540 603 1602 postea
629 1524 857 1604 justinianus
882 1521 934 1582 tiis
961 1535 1092 1586 eatenus
1115 1525 1216 1585 teneri
1239 1542 1398 1602 receptum
1413 1537 1470 1604 est,

244 1613 459 1695 temperavit,
498 1614 524 1674 si
552 1632 616 1679 non
644 1612 831 1676 excederent
879 1625 1036 1682 quatenus
1058 1615 1280 1690 patrimonium
1311 1616 1380 1696 ejus
1411 1634 1476 1678 aum

242 1713 342 1762 metas
366 1699 487 1760 biennii
509 1714 564 1762 aut
581 1698 733 1763 summam
752 1720 831 1765 cen·
879 1715 964 1761 ctum
977 1702 1034 1762 sit:
1051 1717 1087 1763 ut
1099 1703 1180 1764 nihil
1196 1704 1321 1785 mitum,
1339 1705 1367 1764 si
1380 1704 1467 1765 solu·

140 1804 144 1812 ·
226 1799 314 1850 ,tum
335 1787 535 1872 solidorum,
555 1787 576 1849 l.
596 1807 650 1871 ²7·
674 1788 709 1851 C.
727 1787 758 1852 d.
778 1790 830 1855 tir·
879 1787 968 1850 tione
984 1789 1192 1869 locupletatus
1209 1793 1323 1852 iterum
1352 1804 1466 1869 petens

290 1878 312 1938 6
356 1873 453 1962 (Sine
467 1876 547 1939 omni
562 1873 747 1963 damasius
774 1866 832 1960 est,
881 1878 1066 1955 exceptione
1109 1882 1354 1957 submoveatur,
1393 1898 1470 1943 cum

245 1967 313 2029 sine
334 1969 402 2031 ullo
417 1981 546 2045 sumptu
563 1981 618 2031 eut
634 1969 783 2047 impensis
797 1971 832 2032 in
880 1967 976 2029 etiam
993 1968 1078 2031 ultro
1093 1968 1242 2033 adversus
1256 1987 1329 2033 eum
1346 1968 1466 2032 iactum

245 2054 268 2135 J
270 2052 416 2134 edicunt,
433 2055 624 2133 Scribarum,
637 2058 834 2122 virtutumve
882 2053 1119 2134 locupletiorem
1133 2078 1172 2121 ex
1185 2072 1352 2122 contractu
1368 2078 1468 2142 nego·

245 2143 501 2222 mercedest-nam
513 2147 660 2218 iniquum
674 2160 764 2223 esset,
777 2148 834 2210 de·
881 2145 967 2208 tiove
982 2160 1071 2228 gesto
1094 2151 1174 2210 actio
1186 2160 1367 2226 competat,
1382 2147 1406 2212 Ι.
1437 2166 1467 2226 3.-
1491 2146 1494 2153 ’

246 2227 379 2290 bitorem
392 2245 519 2307 sumptu
533 2233 658 2292 onerati
671 2249 709 2295 ex
725 2252 834 2312 perso·
882 2231 910 2315 §·
924 2250 956 2310 4.
972 2234 1039 2312 lio.
1054 2234 1087 2297 r‘rr
1097 2251 1149 2317 pr.
1168 2234 1205 2295 de
1219 2253 1289 2317 neg.
1303 2250 1393 2317 gest.

233 2332 287 2378 ne
308 2316 483 2382 creditoris.
927 2341 948 2401 9
984 2319 1064 2408 (Aut
1077 2344 1113 2384 ea
1127 2344 1160 2384 ea
1174 2320 1383 2408 locupletari
1402 2326 1473 2388 Lo-

290 2423 312 2486 7
349 2401 507 2491 (Sequitur
522 2406 693 2490 huiusmodi
708 2408 833 2475 solutio·
849 2440 851 2444 ⁸
881 2410 1037 2491 cupierint
1051 2413 1151 2477 lactus
1162 2412 1375 2493 intelligitur,
1391 2415 1419 2474 si
1431 2431 1470 2476 ex

245 2511 312 2555 nem
320 2494 503 2578 plenissima
515 2497 707 2586 securitas).
726 2501 773 2563 lta
795 2516 833 2566 ut
881 2503 1017 2578 pecunia
1032 2505 1136 2571 soluta
1158 2521 1223 2564 tem
1239 2503 1394 2576 aliquam
1408 2502 1469 2564 sibi

245 2600 306 2648 nec
329 2583 480 2650 adversus
509 2588 699 2651 solutionem
718 2590 831 2654 decer·
880 2593 1100 2671 comparavit,
1128 2586 1222 2668 quam
1249 2593 1343 2652 etiam
1379 2608 1470 2654 nunc

247 2673 832 2755 nenteJudicet'actambeneficioaeta·
881 2674 995 2757 habet,
1014 2680 1037 2747 Ι.
1066 2700 1098 2759 4
1113 2678 1152 2741 de
1171 2694 1286 2762 except.
1303 2693 1360 2742 aut
1385 2679 1411 2745 sl
1428 2695 1469 2741 ea

245 2765 287 2824 tis
305 2766 515 2845 ininte'gtum
530 2769 651 2829 restitui
669 2769 839 2845 postulans
879 2771 993 2839 quovis
1018 2769 1115 2832 modo
1142 2771 1256 2832 intem
1282 2767 1351 2850 ejus
1377 2784 1466 2831 versa

248 2852 410 2917 audiatur.
442 2852 505 2917 Cui
523 2874 586 2916 non
609 2858 729 2936 obstat,
744 2857 838 2932 quod*
872 2856 937 2933 sit,
953 2856 971 2916 i.
988 2860 1042 2920 66.
1057 2856 1094 2920 de
1108 2857 1198 2921 solut.
1211 2860 1310 2921 Hoc*
1322 2857 1468 2936 amplius,

246 2942 373 3020 placet,
404 2945 568 3006 minorem
586 2946 680 3006 etiam
694 2949 830 3010 'restitui
880 2958 909 3004 et
920 2947 949 3005 si
965 2964 1027 3008 rem
1041 2948 1100 3009 sibi
1115 2951 1369 3011 necessariamex
1379 2964 1466 3008 uun·

244 3047 354 3092 contra
378 3030 492 3096 factam
507 3051 544 3095 ex
564 3030 690 3095 decreto
706 3033 830 3113 Judicis
879 3033 936 3092 nris
949 3035 1061 3097 solutis
1080 3037 1222 3114 pupillus
1247 3039 1351 3120 emit,
1373 3049 1465 3110 quant

173 3138 175 3145 ’
246 3120 479 3198 venditionem,
506 3120 528 3183 1.
550 3139 600 3187 11.
619 3120 654 3183 C.
674 3120 710 3182 de
733 3123 829 3204 prad.
879 3121 998 3198 alioqui
1024 3122 1065 3186 de
1079 3140 1138 3187 suo
1162 3139 1330 3205 empturus
1355 3124 1466 3199 fuerat,

246 3208 320 3266 min.
350 3228 421 3271 nam
441 3210 564 3273 debitor
584 3229 621 3273 ex
648 3214 830 3275 necessitate
880 3210 952 3271 licet
981 3228 1019 3274 ea
1049 3227 1122 3277 ante
1153 3212 1240 3276 iite'm
1263 3224 1464 3277 contestatam

246 3292 830 3380 solveretenetunemptotpotestnon
880 3302 1024 3379 perierit,
1047 3304 1136 3377 quiesi
1160 3304 1353 3380 locupletior
1369 3302 1466 3364 factus

247 3398 361 3446 emere.
594 3416 598 3425 ι
879 3389 1084 3471 intelligitut3
1113 3391 1190 3465 quia
1219 3391 1408 3456 tantundem
1427 3387 1466 3450 de

304 3471 323 3531 8
371 3468 562 3559 (Pecuniam
588 3489 686 3539 autem
710 3479 829 3544 salvam
879 3494 938 3539 suo
952 3479 1222 3558 perditurusnerat,
1234 3482 1357 3547 etiamsi
1370 3497 1463 3541 num-

246 3555 356 3622 tabeat
369 3556 391 3643 )
407 3561 474 3622 Etsi
493 3560 651 3629 solutione
664 3573 731 3630 sine
746 3586 839 3632 tuto-·
881 3584 947 3628 mos
962 3568 1084 3631 solutos
1100 3589 1162 3630 non
1179 3571 1359 3645 accepisset,
1376 3566 1400 3627 Ι.
1413 3582 1463 3646 47.

244 3668 296 3728 re,
321 3644 344 3726 J
347 3648 573 3714 udiceve'lacta
590 3654 720 3716 eandem
737 3676 833 3734 pecu·
880 3656 910 3730 §-
931 3675 958 3718 1.
980 3655 1017 3718 de
1034 3657 1128 3720 solut.
1145 3658 1257 3722 Utrum
1276 3668 1382 3715 autem
1401 3673 1465 3731 pu·

243 3743 330 3802 niam
345 3759 448 3819 perere
464 3738 568 3804 adhuc
590 3743 729 3820 pupillus
750 3758 831 3823 ‘pota
880 3746 979 3820 pilius
1002 3748 1188 3824 locupletior
1203 3741 1374 3817 iactussit‚
1389 3760 1465 3807 nec·

244 3843 309 3904 est,
325 3849 379 3893 aut
396 3835 465 3911 ipso
488 3828 559 3912 Jute.
571 3877 582 3909 ‚
595 3844 653 3893 aut
668 3850 722 3910 pet
739 3838 829 3897 resti·
872 3842 936 3910 ne,
952 3836 986 3896 in
998 3828 1465 3917 hujusmodiquaestionibuseo

244 3920 398 3981 tutionem
414 3924 447 3981 in
463 3924 640 4003 integrumq
667 3923 694 3983 si
724 3938 828 3986 tamen
879 3933 1019 4000 tempore
1064 3922 1250 4003 regulariter
1292 3933 1462 3999 spectetur,

245 4010 365 4066 nummi
379 4010 459 4077 salvi
480 4013 565 4090 sint,
588 4030 705 4088 eosque
733 4030 829 4091 penes
875 4029 942 4085 quau
957 4008 1150 4096 agitist,ssu
1163 4009 1463 4092 tenporeiiriscon·

288 4168 340 4260 u)
385 4178 713 4271 L.4.ru.141².5,
