3228 4768
310 220 385 323 ιιι
603 224 610 237 ’
659 186 769 295 “ma
792 204 853 295 n.
866 209 947 295 aa.
961 148 1081 295 ituri

283 368 391 443 muni,
412 359 535 429 Gomez
556 381 584 427 ι.
603 359 695 423 resti.
714 362 748 427 6.
764 378 815 419 nn.
833 379 862 437 3.
913 360 957 420 lio
979 359 1168 423 substituere
1180 403 1190 435 ,
1202 371 1239 422 ut
1254 353 1351 423 duret
1366 376 1403 422 ea
1417 358 1501 425 sub·¹

282 470 312 515 et
337 473 367 532 4.
384 453 514 518 Covatr.
537 452 570 512 in
592 464 658 531 cap.
679 446 863 530 Raynuriuq
912 449 1034 523 s‘titutjo
1056 449 1153 508 etiarn
1191 466 1261 524 post
1286 450 1488 534 pubertatem,
1573 447 1574 450 ’

283 544 312 619 ς.
329 545 361 604 6.
378 562 409 606 n.
440 560 466 603 ι.
487 542 584 602 Plane
601 537 642 600 ad
667 537 864 615 phreneticos
910 534 1288 611 quandiumaneteadem
1300 539 1489 600 mentiscon·

280 631 539 694 constitutionem
555 647 616 689 non
633 629 788 705 pertinere
801 643 864 687 tra·
913 623 1351 699 stitutiu,itaetDuar.intir.
1365 624 1489 710 devulg.

281 716 364 781 dunt
376 737 490 779 comm.
503 717 578 780 DD.
593 729 625 776 et
642 717 751 792 probat
766 714 863 789 Vasq.
913 725 944 772 et
952 728 1026 795 pap.
1039 729 1106 796 cap.
1126 730 1175 788 t9.
1189 730 1221 775 et
1232 710 1315 776 Di).
1329 733 1440 776 comm.

282 804 315 867 d.
329 808 358 883 §.
376 824 424 887 ¹7·
439 827 467 867 n.
488 807 555 866 108.
573 823 627 883 per
641 805 772 866 verbum
783 821 864 867 cun·
912 820 920 827 ·
937 803 957 861 6
980 797 1047 884 (Ad
1060 800 1229 883 suavium
1236 801 1407 886 pupillaris
1422 800 1487 876 sub·

282 896 456 956 stitutionis
468 906 627 978 perpetuo.
914 888 983 975 trit.
994 892 1014 968 ).
1037 890 1095 950 His
1116 893 1220 953 verbis
1236 889 1434 971 significatur
1448 893 1486 952 li-

275 986 279 991 '
319 1002 334 1058 5
373 980 461 1068 (Etsi
474 980 605 1067 puberes
615 976 702 1063 sint).
719 978 864 1043 Secunda
913 981 1079 1055 estepani
1102 974 1170 1039 lilio
1186 995 1289 1041 mente
1304 976 1401 1056 c'apto
1418 979 1488 1045 sub·

283 1070 553 1146 differentiaque
564 1070 744 1148 principalis
755 1081 801 1130 est
815 1071 864 1128 in·
913 1069 1043 1129 stituere
1056 1070 1089 1128 in
1102 1085 1210 1129 casum
1232 1068 1432 1132 secundum:
1457 1065 1488 1129 Si

281 1170 329 1219 tet
348 1159 428 1221 hanc
440 1158 696 1221 substitutionem
709 1170 739 1216 et
753 1157 864 1235 papii-
907 1152 993 1233 filius
1003 1154 1103 1239 laras!
1117 1154 1197 1232 erit,
1225 1172 1261 1218 ttt
1279 1152 1491 1234 receptumest

274 1247 388 1309 'larem
404 1249 476 1324 Ait,
488 1247 547 1307 etsi
562 1244 702 1330 puberes.
716 1243 864 1330 pLicetne
907 1245 947 1302 in
963 1244 1127 1320 pupillari,
1144 1244 1266 1306 Deinde
1282 1244 1373 1306 etiam
1390 1244 1490 1305 tieba-

274 1353 358 1418 ergo
374 1340 466 1398 etiam
484 1334 699 1413 impuberibus
712 1335 864 1409 exempla·
908 1349 947 1393 re
960 1349 1096 1408 panem,
1109 1335 1165 1405 qui
1178 1337 1320 1410 esentpla
1326 1336 1396 1394 riter
1406 1337 1490 1393 sub·

278 1426 356 1487 riter
371 1425 586 1488 substitueret
598 1424 647 1487 De
665 1436 775 1501 patre,
806 1426 863 1497 qui
913 1421 1026 1497 stituit,
1039 1423 1099 1481 sibi
1116 1424 1203 1496 prius
1218 1436 1437 1494 testamentum
1450 1421 1490 1483 ia·

278 1516 512 1591 emancipavit,
529 1512 593 1579 non
610 1513 782 1594 quaeritur,
808 1529 867 1574 nec
914 1527 1003 1584 cere,
1017 1510 1142 1584 sibique
1155 1511 1189 1570 in
1205 1529 1244 1570 eo
1264 1509 1423 1572 baeredem
1438 1513 1489 1570 in·

283 1598 325 1660 de
335 1615 430 1662 matre
441 1601 867 1674 substituerevolenteaquo·
914 1599 1069 1672 nituere,
1092 1595 1187 1672 quam
1217 1596 1284 1672 lilio
1310 1601 1492 1682 substituat,

269 1689 367 1747 'niam
382 1689 470 1749 inhis
485 1686 696 1748 terminissoia
710 1687 865 1762 exempla·
912 1686 1045 1761 perinde
1064 1704 1099 1748 ur
1123 1690 1155 1747 in
1183 1685 1408 1751 substitutione
1427 1704 1491 1764 pus-

269 1775 321 1835 ·'rls
337 1777 441 1837 locum
457 1772 569 1839 habers
583 1773 636 1836 sed
651 1773 812 1851 depatre,
828 1777 861 1837 in
912 1773 1043 1850 pillari,
1069 1775 1097 1857 §.
1117 1793 1143 1851 ς.
1159 1772 1233 1851 infr.
1246 1773 1309 1834 ead.

267 1863 370 1944 'cujus
384 1878 534 1941 potestate
548 1878 593 1926 est
605 1860 748 1939 impubes
759 1879 862 1927 mente
900 1868 954 1940 ”¹7
988 1859 1113 1947 (Certae
1124 1861 1493 1949 personari.Diffetentia

278 1967 400 2030 raptus.
415 1955 511 2016 Ratio
523 1949 690 2015 dubitandi
704 1965 771 2012 orta
785 1951 862 2013 dsi—
910 1952 1015 2012 tertia.
1041 1952 1078 2012 ln
1103 1951 1326 2016 substitutione
1340 1953 1490 2030 pupillari

266 2044 357 2103 “mili
374 2041 652 2123 Quemadmodum
666 2041 749 2102 enim
761 2059 860 2102 cura·
910 2037 984 2099 licet
996 2037 1226 2117 impuberifilio
1237 2043 1368 2115 quosvis
1376 2042 1490 2102 substi-

277 2131 324 2190 tio
349 2147 551 2209 agnatorum,
568 2132 601 2189 in
617 2142 689 2202 'qua
717 2129 766 2188 ler
788 2127 861 2192 XII.
911 2138 1021 2204 tuere,
1037 2132 1129 2189 etiam
1155 2127 1305 2189 fratribus
1322 2127 1391 2206 ejus
1407 2144 1491 2206 prae·-

263 2213 359 2299 J'l'ab.
381 2212 472 2292 jubet
487 2232 553 2274 esse
571 2215 726 2289 furiosos,
743 2215 783 2276 ad
796 2217 860 2278 im-
910 2217 1021 2281 teritis:
1038 2220 1070 2276 in
1085 2217 1308 2277 substitutione
1323 2234 1492 2278 menteca·

273 2299 408 2377 puberes
426 2321 490 2362 non
501 2301 654 2376 pertinet,
665 2303 720 2374 qui
733 2320 771 2363 er
783 2301 857 2382 jure
911 2306 959 2378 pti
972 2325 1034 2366 non
1050 2305 1137 2387 lieetr
1157 2302 1259 2364 sedin
1273 2302 1333 2364 bac
1346 2305 1492 2380 primum

260 2387 437 2475 jordinario
455 2392 487 2449 in
501 2390 598 2451 tutela
612 2401 704 2465 sunt,
719 2388 743 2454 l.
763 2409 792 2468 3.
819 2391 858 2454 de
906 2390 1013 2468 liberi,
1037 2395 1063 2454 si
1086 2410 1164 2467 quos
1188 2390 1302 2454 babet:
1330 2390 1409 2453 dein
1426 2388 1490 2454 'his

267 2475 369 2563 'rutel
394 2479 436 2539 ita
453 2477 557 2541 videri
572 2490 692 2562 potest,
708 2496 765 2540 nec
779 2499 856 2558 per·
907 2497 970 2540 non
983 2481 1165 2544 extantibus
1180 2479 1288 2541 iratres
1302 2495 1411 2542 mente
1438 2496 1524 2542 cat*

274 2566 375 2629 tinere
391 2565 431 2628 ad
448 2585 501 2630 eos
518 2566 583 2630 laaec
604 2568 855 2634 extraordinaria
906 2571 951 2644 pti
975 2569 1187 2634 substituendi
1201 2582 1292 2631 sunt:
1313 2565 1447 2631 demum
1462 2571 1490 2643 si

236 2705 239 2712 .
261 2655 480 2737 substitutio,
495 2674 569 2719 cum
584 2668 670 2734 pater
679 2652 750 2735 jure
764 2657 856 2719 ordi·
906 2672 965 2719 nec
977 2657 1087 2721 fratres
1099 2670 1205 2736 erunt,
1217 2657 1403 2736 permissum
1413 2657 1486 2721 sub·

260 2747 365 2806 ‘nario
377 2744 425 2806 his
441 2744 629 2810 substituere
642 2746 738 2821 possit
751 2747 855 2822 pupil·
904 2749 1035 2809 stituete
1046 2750 1237 2822 quemlibet,
1253 2744 1285 2808 tl.
1299 2745 1320 2807 1.
1336 2766 1368 2825 9.
1382 2747 1418 2808 C.
1435 2746 1486 2808 luc

272 2832 392 2913 latitet.
406 2832 467 2896 Sed
485 2852 547 2894 non
563 2848 635 2896 sunt
652 2831 717 2895 haec
728 2835 856 2902 similis:
903 2831 963 2898 tite
982 2836 1022 2896 Et
1042 2830 1235 2912 notandum,
1256 2830 1346 2910 quoti
1363 2837 1399 2896 irs
1414 2847 1485 2896 etst-

254 2910 348 2984 ''nam
365 2919 455 2985 finita
472 2921 570 2993 tutela
586 2898 855 2999 succedil,etad-
902 2920 1062 3009 stitutione
1076 2916 1248 3008 adjicitur,
1262 2914 1326 2984 non
1348 2940 1417 2986 esse
1432 2942 1487 2987 ne·

253 3010 541 3073 'ministrationem'
555 3008 710 3072 bonorum
725 3009 851 3087 puberis
902 3027 986 3071 resse
995 3054 1006 3087 ,
1033 3012 1259 3088 si‘pltrressint
1272 3024 1382 3074 'mente
1394 3026 1486 3090 capto

254 3100 545 3183 {suscipitcuraton
556 3116 650 3173 quern
661 3098 712 3160 lex
720 3094 775 3162 aut
782 3101 855 3163 Ma·
886 3096 990 3160 liberi
1010 3111 1065 3160 aut
1080 3097 1194 3162 iratres
1207 3142 1216 3176 ,
1231 3112 1271 3178 ut
1285 3102 1485 3165 substituan-

255 3186 423 3266 &stratus
445 3190 543 3251 tutori
560 3188 730 3269 subrogat,
756 3203 791 3252 ur
819 3191 853 3252 in
886 3197 974 3271 tur,
1002 3204 1129 3262 omnes,
1150 3186 1204 3250 sed
1234 3191 1311 3251 satis
1325 3204 1415 3266 ¹esse,
1430 3190 1487 3252 uel

255 3284 394 3333 'omnem
412 3295 558 3338 eventum
576 3275 627 3339 bic
641 3275 759 3338 furioso
773 3298 849 3356 pro·
901 3293 1003 3339 unum
1020 3293 1058 3338 es
1078 3278 1116 3338 iis
1129 3275 1299 3353 substitui,
1321 3291 1360 3340 ut
1378 3280 1493 3340 valeat

269 3372 409 3462 spectum
425 3364 483 3425 sit:
507 3361 596 3425 linita
613 3378 719 3429 autent
732 3365 852 3429 substi-
900 3362 1098 3440 substitutio,
1115 3360 1321 3439 licetrellqui
1334 3368 1486 3429 atou'siut

253 3446 394 3511 'tutione
404 3451 577 3526 pupillari,
593 3467 623 3513 et
639 3452 774 3516 durante
786 3454 850 3518 ad'·
882 3452 1110 3519 ··axhaesadatta
1125 3453 1207 3515 nillil
1231 3455 1315 3514 enlm
1329 3452 1372 3515 de
1387 3456 1486 3518 cate-

250 3531 334 3629 “ituc
350 3527 463 3631 meritis
476 3538 685 3623 alienatione,
701 3558 851 3608 nonsuc·
890 3540 1195 3603 tis'eshaetedandis
1209 3540 1407 3619 exprimitur.
1424 3592 1429 3595 ,
1460 3558 1464 3563 ·

250 3625 352 3687 'cedit
373 3625 559 3703 exemplaris
574 3623 850 3709 substitutio,ne‘-
893 3652 897 3657 ’
938 3626 964 3691 ii
1025 3626 1081 3690 Sin
1097 3624 1405 3711 mremsmtpoeriu,
1418 3626 1485 3691 ire-

250 3700 331 3788 ‘que
356 3708 524 3795 quisquam
540 3725 604 3788 est,
619 3715 675 3787 qui
694 3713 849 3783 haeredem
893 3710 1016 3797 firmari
1039 3713 1120 3806 .(·1).
1131 3712 1307 3782 Deficiente
1323 3715 1485 3781 nimirum

268 3815 373 3869 mente
396 3819 491 3883 capto
506 3801 580 3866 date
595 3815 699 3879 queat.
721 3801 851 3884 Quam-
898 3807 1084 3870 conditione
1096 3803 1485 3887 hujussubstitutionisrrtt

239 3899 242 3905 ’
267 3890 374 3953 obrem
383 3896 482 3974 magis
495 3908 551 3969 est,
562 3909 599 3959 ut
612 3890 766 3971 dicamus,
778 3913 853 3971 pos·
900 3892 1485 3976 enim'pbpillarissubstitutionisbac

232 3978 249 4083 ι’
261 3990 299 4053 se
313 3974 434 4058 partem
460 3982 558 4047 etiam
573 3983 794 4063 exemplariter
806 3980 853 4049 tl·
872 4022 876 4029 «
900 3987 1027 4079 prppria
1039 4001 1103 4054 ests
1121 3982 1159 4057 δι’
1172 3979 1482 4068 ,titurium-dte,

302 4147 354 4243 (¹)
390 4150 436 4224 D·
447 4148 470 4226 l·
492 4159 611 4257 aruir,
629 4161 760 4248 5,P,6.
960 4158 988 4208 >u
